3790 5872
868 357 1082 425 rumano.
1611 377 1632 451 η

317 472 558 571 olympiadem
574 478 641 570 65,
661 497 803 556 motum
816 499 938 560 autem
950 504 1076 563 contra
1088 491 1344 589 Lygdamidem
1363 510 1576 591 tyrannum,
1592 499 1631 571 in

317 619 393 693 quo
408 598 582 671 occubuit
593 617 717 698 poeta,
737 606 950 702 ponendum
970 607 1186 709 olympiadis
1205 615 1250 685 82
1267 638 1365 687 anno
1383 614 1454 688 fere
1471 615 1505 688 3.

364 721 405 788 ln
418 717 653 815 fragmento6
671 726 895 821 Panyasidis,
911 753 1017 803 versu
1037 736 1082 823 d,
1100 737 1306 807 Drintzerus
1328 760 1474 835 quoque
1492 738 1635 835 scripsit

318 849 455 945 διιιθῇσι,
470 871 514 920 ex
528 851 687 923 Funckei
700 856 924 951 conjectura,
937 858 1002 930 sed
1014 875 1131 933 cetera
1144 859 1217 935 hoc
1234 863 1365 947 modo,

471 1008 586 1090 ἐσθλοῖς
603 1036 646 1081 τι
669 1006 786 1092 ξενίοισι
801 1018 896 1092 κακὴν
910 1017 1028 1112 ἐπιθῇσι
1046 1025 1204 1110 τελευτήν,

316 1163 453 1240 omisso
470 1165 513 1241 δ’.
528 1169 660 1240 Verum
676 1171 857 1267 quantivis
868 1172 972 1269 pretii
990 1187 1045 1246 est
1061 1174 1241 1250 medicina
1263 1177 1397 1250 ultimo
1410 1178 1530 1251 versui
1546 1177 1577 1273 ej
1581 1202 1635 1250 ns·

315 1279 400 1358 dem
418 1288 620 1389 fragmenti·
628 1289 732 1363 allata
752 1294 800 1366 ab
819 1294 956 1386 Naelaio,
976 1294 1014 1366 in
1032 1297 1190 1370 Funckei
1199 1297 1346 1390 libello,
1372 1300 1427 1372 uti
1449 1300 1635 1397 suspicor,

315 1411 459 1510 prodita
645 1416 652 1427 '

471 1568 541 1639 Καὶ
552 1568 612 1664 γάρ
631 1569 661 1637 ci
679 1552 764 1648 Ᾰπις
781 1593 817 1637 τι
835 1569 888 1639 aci
907 1562 1010 1665 tepor
1027 1566 1087 1641 olc’
1105 1572 1164 1663 ἅμ’
1177 1562 1300 1648 ὀπηδεῖ.

316 1716 416 1789 ldem
435 1721 659 1806 Datntzerus,
679 1715 739 1786 cui
762 1712 871 1807 hujus
891 1714 1155 1789 emendationis
1176 1716 1342 1789 notitiam
1360 1715 1495 1808 debeo,
1512 1720 1551 1789 in
1572 1718 1636 1791 fra·

315 1862 462 1941 gmento
483 1843 546 1936 15,
559 1870 593 1918 r.
609 1849 652 1936 d,
668 1862 752 1918 ante
767 1868 825 1916 me
843 1845 1042 1940 conjecerat
1056 1848 1184 1942 ἀνάγκῃ.
1205 1847 1373 1917 Ceterum
1397 1847 1474 1943 ejus
1487 1847 1576 1938 riri,
1596 1848 1634 1918 in

314 1966 425 2038 bonis
440 1967 552 2039 literis
572 1968 799 2040 demetendis
813 1967 1067 2065 impigerrimi,
1086 1966 1340 2040 collectionem
1353 1968 1635 2065 fragmentorum

316 2092 502 2186 epicorum
517 2091 744 2163 utilissimam
767 2091 879 2184 magis
900 2089 1008 2160 etiam
1028 2086 1285 2184 probaremus,
1307 2091 1339 2162 si
1368 2104 1488 2163 vetera
1507 2091 1635 2163 editio·

315 2237 405 2284 num
426 2214 514 2286 vitia
533 2213 656 2311 paullo
679 2212 888 2310 diligentius
910 2210 1080 2298 cavisset3
1105 2233 1190 2281 nam
1211 2210 1340 2284 vitiosa
1358 2213 1473 2285 multa
1489 2212 1635 2310 reliquit

315 2336 457 2410 dudum
468 2336 525 2409 vel
540 2362 583 2408 ex
596 2336 784 2411 codicibus
797 2347 956 2407 correcta
969 2333 1061 2404 vela
1077 2331 1242 2405 felicibus
1257 2335 1412 2432 ingeniis
1427 2337 1632 2409 instaurata.

301 2466 353 2557 :ln
381 2460 580 2532 Germaniae
605 2457 749 2556 oppidis
772 2469 940 2555 prompta
957 2453 1072 2527 cuivis
1091 2470 1128 2529 ct
1150 2470 1272 2554 parata
1288 2471 1343 2528 est
1366 2458 1573 2529 criticorum
1591 2457 1633 2530 li·

312 2583 463 2657 brorum
482 2582 586 2681 copia
602 2580 827 2669 beatissima3
849 2579 887 2650 in
910 2577 1006 2651 Urbe
1025 2592 1149 2651 nostra
1164 2575 1223 2650 hae
1247 2579 1384 2667 scilicet
1408 2604 1530 2678 nugae,
1560 2583 1632 2654 nisi

276 2688 296 2835 χ’
310 2705 497 2807 possideas
515 2704 610 2802 ipse,
627 2725 711 2774 cum
729 2724 870 2773 summa
889 2698 1099 2773 difficultate
1115 2713 1151 2772 et
1166 2702 1340 2798 temporis
1359 2701 1551 2799 dispendio
1567 2704 1632 2776 im·

311 2827 412 2900 mani
444 2825 673 2922 colliguntur.
690 2826 873 2894 Damam
887 2821 1111 2918 aliquatenus
1135 2822 1280 2894 resarcit
1304 2823 1630 2920 manuscriptorum

310 2948 481 3020 codicum
503 2945 709 3032 thesaurus,
732 2954 768 3013 et
789 2945 1090 3013 Conservatorum
1109 2941 1186 3036 ejus
1211 2941 1319 3013 ardor
1342 2940 1562 3016 admirabilis
1588 2970 1629 3018 ea

311 3070 432 3142 studia
450 3067 610 3165 gnaviter
626 3063 840 3161 adjurandi,
856 3088 935 3161 quae
951 3077 1050 3135 recto
1059 3062 1199 3157 judicio
1212 3062 1354 3135 institui
1369 3079 1626 3161 cognoverunt.

311 3193 380 3266 Vel
396 3192 525 3264 harum
545 3189 767 3287 plagularum
785 3187 941 3261 tenuitas
954 3186 1103 3260 llloruan
1127 3183 1261 3282 largam
1283 3183 1506 3260 voluntatem
1526 3200 1628 3259 testa·

227 3376 231 3383 .
310 3312 420 3386 bitur.

1111 3480 1172 3549 rs.
1197 3453 1385 3549 obsura.

401 3603 515 3663 Prrltllt.
525 3617 550 3656 ι.
562 3599 586 3654 d
600 3602 677 3653 nat
686 3606 778 3665 mutas
