3866 5858
294 387 352 431 xnr
834 362 1050 424 afflatio.

293 525 393 588 mus,
408 523 526 596 neque
544 511 663 568 tamen
681 519 752 584 eas,
768 519 858 592 quas
877 520 981 597 sagax
1000 497 1068 568 viri
1083 497 1212 593 egregii
1234 497 1422 594 ingenium
1444 502 1620 596 excogita·

295 625 356 714 vit,
370 619 472 719 quod
481 620 629 716 antiqua
645 617 754 689 lectio
766 617 893 715 putida
902 633 1007 709 esset,
1019 620 1129 691 nimis
1138 619 1318 715 languida,
1331 623 1453 693 minus
1466 623 1619 721 elegans,

292 764 360 821 etc.
377 747 585 819 xliasetiam
601 744 797 817 nonnullas
809 747 1035 818 coniecturas
1046 772 1122 819 non
1132 748 1354 847 recipiendas
1368 750 1620 843 iudicavimus,

294 895 334 951 ut
345 906 378 951 v.
393 905 446 976 17,
462 887 553 965 τοῖσι,
571 879 657 974 quia
674 892 758 948 ante
769 877 870 948 hunc
886 901 1030 948 versum
1051 879 1192 975 aliquid
1203 879 1377 952 excidisse
1393 882 1619 978 probabilius

293 1003 401 1075 nobis
420 1000 584 1089 videtur,
605 1024 686 1097 quae
703 1000 863 1097 suspicio
886 1001 924 1070 in
945 997 1003 1070 his
1024 1003 1193 1072 carminis
1214 1003 1435 1075 centonibus
1454 1004 1621 1077 facillime

294 1141 469 1199 movetur.
485 1130 527 1196 ln
546 1125 608 1215 iis,
630 1148 712 1222 quac
727 1128 955 1194 Hermannus
970 1121 1015 1193 de
1034 1148 1067 1193 ν.
1081 1123 1129 1209 46
1145 1149 1224 1221 sqq.
1240 1124 1413 1224 disputat,
1427 1126 1517 1199 illud
1527 1144 1622 1200 certe

293 1284 419 1330 verum
432 1256 681 1354 est,Lennepii
702 1260 788 1353 εὐρέα
804 1255 969 1351 ineptum
991 1278 1087 1345 esse,
1106 1254 1151 1327 de
1173 1256 1321 1354 reliquis
1337 1282 1442 1348 vero,
1467 1283 1549 1355 quae
1562 1260 1623 1331 ad·

294 1383 360 1472 dit,
374 1382 481 1478 longe
495 1380 598 1451 aliter
612 1381 799 1450 sentimus.
828 1377 865 1449 si
879 1377 969 1474 quid
986 1377 1032 1449 de
1047 1394 1174 1450 nostro
1189 1381 1377 1452 intextum
1391 1381 1624 1462 introducere

292 1514 549 1603 voluissemus,
567 1509 637 1593 ὀξέα
654 1511 932 1609 scripsissemus.
952 1511 1024 1596 Qui
1048 1534 1132 1580 cum
1156 1514 1365 1582 Hermanno
1389 1513 1427 1584 in
1453 1530 1622 1611 corrupta

296 1646 435 1741 vulgata
448 1643 657 1740 codicisque
677 1642 892 1714 Mutinensis
911 1642 1067 1714 lectione
1084 1666 1209 1714 vocem
1223 1638 1315 1727 οὖδας
1331 1668 1523 1739 agnoscere
1535 1648 1623 1738 vult,

295 1778 325 1849 is
347 1777 517 1848 coniiciat
544 1790 689 1873 poetam
717 1774 903 1872 scripsisse
936 1768 1030 1856 οὖδας
1050 1773 1214 1871 ἄκαμπτον
1233 1776 1456 1874 autberto.
1494 1780 1624 1877 Spatiis

295 1900 384 1989 illis,
400 1924 481 1996 quae
502 1899 597 1968 inter
617 1896 711 1967 duos
731 1921 855 1967 versus
870 1896 1004 1994 passim
1025 1895 1138 1984 vides,
1157 1896 1303 1968 lacunas
1326 1898 1566 1971 indicavimus
1585 1901 1623 1971 in

293 2021 366 2093 hnc
382 2035 560 2120 poemate,
575 2020 694 2091 verius
713 2018 857 2109 dixeris,
880 2020 918 2090 in
932 2018 990 2091 his
1005 2021 1182 2116 poematis
1199 2020 1406 2117 fragmentis
1425 2048 1500 2093 non
1516 2048 1623 2094 raras.

343 2147 475 2230 Qurnrr
489 2157 626 2212 textum
643 2141 749 2238 plane
765 2165 905 2211 novum
916 2140 1114 2213 lectoribus
1131 2143 1265 2214 nostris
1284 2144 1471 2216 tradimus.
1492 2149 1626 2233 Quam·

298 2290 404 2364 quam
426 2265 487 2337 hic
506 2280 611 2362 poeta
627 2265 779 2336 alterum
796 2264 1104 2336 Rhodomannum
1122 2265 1252 2338 frustra
1264 2266 1387 2339 adhuc
1405 2269 1625 2366 expectabat,

296 2413 462 2488 novaque
479 2388 660 2479 editione,
682 2414 793 2487 quam
811 2389 1041 2487 Spitznerum
1056 2403 1091 2459 et
1111 2388 1328 2487 Koechlyum
1350 2393 1558 2464 coniunctis
1573 2394 1626 2465 vi·

295 2514 397 2586 ribus
415 2538 538 2611 parare
551 2514 763 2610 accipimus,
781 2537 999 2609 magnopere
1013 2511 1162 2607 indiget,
1183 2528 1303 2584 tamen
1321 2515 1465 2609 triginta
1480 2516 1626 2589 duobus

294 2637 352 2709 his
370 2640 477 2708 annis
503 2652 585 2734 post
609 2635 800 2732 Tychsenii
826 2634 1024 2706 editionem
1048 2659 1177 2730 magna
1194 2635 1308 2707 moles
1327 2637 1625 2710 emendationum

295 2885 473 2976 invenies,
497 2910 578 2982 quae
598 2883 908 2972 Rhodomannus,
933 2882 1025 2954 adeo
1047 2884 1211 2955 Pauwius
1234 2899 1329 2955 recte
1351 2884 1500 2976 viderat,
1514 2887 1627 2984 Tych-

296 3011 418 3080 senius
435 3009 601 3105 neglexit.
616 3013 707 3079 Ecce
729 3006 903 3098 subsidia,
929 3005 1065 3105 quibus
1081 3009 1249 3079 instructi
1270 3007 1627 3083 Posthomericorum

295 3147 434 3203 textum
449 3132 708 3203 recensuimus.
724 3130 836 3200 Multa
853 3129 991 3225 egregia
1012 3130 1050 3200 in
1067 3130 1264 3200 Hermanni
1286 3131 1457 3227 Orphicis
1478 3133 1625 3223 insunt,

295 3253 475 3326 nonnulla
494 3253 596 3325 utilia
608 3253 645 3324 in
656 3250 856 3324 Werniclxii
870 3250 1133 3322 commentario
1140 3249 1186 3321 ad
1197 3249 1500 3347 Trypbiodorum,
1514 3254 1627 3326 multa

294 3377 392 3448 bona
404 3379 440 3448 in
454 3377 631 3475 Spitzneri
642 3374 957 3448 observationibus
970 3376 1008 3446 in
1018 3376 1197 3462 Quintum
1211 3375 1256 3446 ad
1266 3374 1399 3447 calcem
1410 3376 1506 3469 libri,
1516 3404 1626 3474 quem

278 3501 339 3570 'da
351 3526 458 3571 versu
471 3505 673 3571 Groecomm
686 3498 826 3570 hemico
843 3499 999 3596 scripsit,
1016 3523 1114 3570 anno
1134 3498 1224 3570 1816
1243 3498 1360 3570 editis.
1377 3499 1547 3572 Eiusdem
1568 3527 1628 3573 au·

295 3624 406 3695 ctoris
418 3622 695 3695 observaoonum
704 3625 741 3691 r'n
754 3624 877 3714 Quanti
885 3621 1149 3693 Posthomerr‘co
1157 3621 1331 3718 particula
1338 3623 1454 3717 prima
1469 3638 1503 3694 et
1519 3624 1626 3696 altera

296 3746 494 3842 Vitebergae
512 3770 543 3816 a.
570 3740 660 3817 1815
678 3743 914 3841 prodierunt,
939 3744 1043 3814 tertia
1066 3767 1163 3814 anno
1188 3742 1277 3840 1837
1294 3745 1331 3814 in
1345 3746 1626 3817 Zimmermanm

295 3867 593 3965 ephemeridibus
610 3868 727 3964 (num.
755 3865 821 3952 143
837 3888 930 3962 sqq,
946 3889 1025 3963 pag.
1045 3863 1130 3935 1161
1154 3864 1251 3960 sqq.)
1268 3864 1336 3960 (1),
1352 3879 1545 3962 postquam
1563 3873 1628 3939 Bo-

297 3993 379 4063 uitii
394 3991 564 4086 symbolae
575 3991 752 4066 cn'tr'coer'n
767 3991 936 4080 (laniatum
950 3991 1170 4083 Smyrrueum
1185 3985 1320 4057 ibidem
1335 4012 1433 4059 anno
1452 3988 1543 4061 1836
1564 4016 1631 4089 pu·

297 4114 384 4186 blici
393 4115 486 4212 juris
506 4115 604 4186 sactae
620 4129 717 4186 sunt.
739 4113 908 4189 Struvius
933 4113 970 4182 in
990 4110 1241 4208 compluribus
1257 4111 1465 4183 libellorum
1490 4113 1628 4186 schola·

298 4240 485 4329 sticorum,
496 4263 589 4335 quos
599 4239 695 4310 inter
706 4261 846 4308 annum
864 4237 953 4333 1817
965 4251 1000 4306 et
1014 4236 1101 4306 1822
1114 4236 1626 4335 Regimontiiedidit,egregias

297 4363 425 4448 Quinti
443 4360 714 4433 emendationes
729 4361 919 4458 proposuit
936 4357 1002 4456 (a)
1017 4358 1230 4431 Glasewaldi
1246 4362 1470 4432 com'ectanea
1490 4362 1528 4433 in
1543 4388 1628 4459 poe·

339 4604 379 4684 (ι)
400 4604 570 4683 Spitznerus
584 4622 699 4675 omues,
712 4622 784 4681 quas
797 4601 833 4660 de
855 4601 966 4673 Quinto
982 4601 1111 4680 scripsit,
1125 4600 1341 4662 observationes
1355 4603 1385 4661 in
1406 4623 1465 4662 uuo
1482 4605 1625 4664 volumine

298 4710 465 4770 coniunctas
483 4710 650 4788 nuperrime
664 4707 763 4766 edidit

339 4812 381 4892 (a)
396 4815 462 4885 Quo
485 4814 596 4872 rariora
613 4814 675 4873 haec
695 4814 805 4874 Struvii
831 4813 970 4891 opuscula
987 4826 1055 4871 suut
1076 4824 1238 4891 paratuque
1254 4810 1431 4885 difficiliora,
1452 4832 1488 4869 co
1503 4812 1624 4873 maiores

298 4918 403 4997 gratias
419 4917 540 4978 lectores
554 4920 645 4979 nostri
659 4918 807 4977 habebunt
821 4919 882 4977 viro
897 4918 1053 4976 clarissimo
1068 4930 1097 4975 et
1107 4917 1313 4976 humanissimo
1327 4920 1363 4974 de
1374 4918 1486 4993 Sinner,
1497 4919 1571 4996 quie
1582 4918 1624 4977 bi·

298 5022 457 5099 bliotheca,
470 5045 556 5102 quam
568 5025 654 5085 babet
668 5025 834 5105 opulentam
852 5038 939 5102 atque
955 5023 1134 5101 exquisitam,
1145 5023 1285 5101 integram
1294 5022 1410 5080 illorum
1424 5022 1623 5083 collectionem

299 5128 448 5190 uobiscum
460 5133 692 5191 communicavit.
