3790 5872
212 422 246 481 14
744 403 974 467 amisium
997 404 1245 467 manenti.
1279 464 1282 471 .

249 539 439 604 Alexandrini
455 537 597 615 Panyasis
619 537 650 594 in
666 555 806 595 canonem
820 536 978 615 Epicurum
1020 537 1284 615 peregrinationem
1306 537 1337 595 in
1358 536 1463 614 Lydia,
1485 539 1649 600 luxurianti
1675 542 1804 621 iugenio

209 641 390 709 receperunt.
401 630 444 686 De
455 625 517 704 ejus
528 645 650 704 poeseos
659 624 759 684 indole
769 626 812 683 ita
821 624 980 700 Dionysius
1021 624 1141 702 copiose
1152 643 1339 684 exornasse.»
1355 625 1499 685 Nimirum
1519 628 1684 688 Athenms
1706 631 1759 709 (i'r.
1773 631 1803 707 8)

209 719 301 780 llalic.
320 718 372 796 qui
387 715 478 775 fertur
492 714 638 795 (sensura
654 724 724 771 vett.
737 716 850 790 scripit.
874 731 903 789 p.
922 720 980 787 ⁴¹9
1021 713 1236 791 navigationem
1251 714 1282 771 in
1299 713 1454 790 Erytheam
1468 734 1504 773 ex
1514 718 1610 792 pnhro
1619 715 1705 775 libro
1717 737 1804 776 com-

209 805 317 882 nest.)
330 825 337 860 ε
351 800 487 868 Πανύασις
511 800 540 859 ii
561 801 610 868 τάς
635 799 660 858 τ’
677 802 775 882 ἀμφοῖν
799 797 932 875 (Hesiodi
951 809 981 857 et
1021 812 1180 861 memorat:
1193 820 1258 877 quae
1269 820 1315 859 res
1325 798 1419 867 ἄθλους
1430 801 1504 861 adeo
1517 802 1548 860 in
1570 816 1690 861 arctum
1708 806 1803 882 cogit,

186 904 189 909 ‘
209 890 386 968 Antimachi)
407 887 503 969 ἀριτδς
520 887 661 967 ἠνέγκατο,
679 885 726 945 καὶ
742 888 828 944 αὐτῶν
850 907 980 967 aparue-
1021 899 1054 945 ut
1063 899 1151 965 poeta
1161 887 1369 946 dissimillimus
1378 901 1518 966 appareat
1528 889 1555 947 ei
1565 910 1655 967 quem
1668 910 1710 948 ex
1722 893 1803 950 tertii

209 980 267 1062 erig
282 976 328 1039 κοί
348 982 382 1056 τῇ
400 975 458 1035 κατ’
480 973 558 1033 αὐτὸν
580 970 716 1054 οἰκονομίᾳ
741 973 883 1052 διήνεγκεν.
906 975 980 1045 Quae
1022 973 1090 1033 libri
1118 975 1285 1052 fragmentis
1311 978 1526 1053 cognoscimus,
1554 988 1587 1034 ut
1608 979 1803 1038 tractationis

210 1068 343 1149 pleniora
363 1077 391 1122 et
405 1061 570 1122 distinctius
593 1061 684 1119 relata
702 1061 811 1137 legerat
824 1060 981 1131 Quintilia-
1021 1060 1202 1141 aequabilitas
1216 1062 1311 1121 omnis
1328 1063 1411 1139 operi
1427 1061 1467 1120 oh
1483 1062 1682 1141 «disponendi
1710 1067 1803 1125 ratio-
1865 1056 1866 1079 ¹

210 1176 265 1215 uus
286 1154 334 1233 (x,
354 1173 381 1230 1,
400 1150 492 1229 §54),
508 1148 560 1227 qui
575 1148 612 1206 de
625 1146 752 1207 llesiodo
768 1161 797 1206 et
807 1148 980 1206 Antimacho
1021 1169 1109 1209 near»
1122 1150 1240 1209 laudato
1249 1150 1399 1228 eripiatur.
1413 1151 1473 1209 Nec
1480 1170 1573 1230 perse
1583 1166 1626 1210 est
1639 1153 1801 1225 credibile,

209 1237 667 1317 locutusitapergitci’anyasr‘u
681 1256 719 1294 ex
732 1239 979 1312 utroquemixtum
1021 1238 1099 1296 illius
1112 1238 1204 1296 aetatis
1221 1249 1337 1316 poetam
1363 1237 1409 1296 sui
1429 1239 1537 1316 ingenii
1564 1239 1736 1319 impetum,
1757 1250 1801 1307 sui

206 1343 314 1407 putant
331 1331 362 1385 in
378 1328 544 1403 eloquendo,
555 1327 739 1400 neutriusque
752 1344 870 1400 aequare
887 1326 981 1381 uinu-
1021 1326 1119 1404 operis
1137 1326 1229 1404 legem
1248 1346 1285 1385 ex
1308 1326 1432 1384 aliorum
1452 1328 1533 1404 poesi
1554 1330 1693 1405 quamvis
1719 1331 1800 1390 selicr
1866 1366 1867 1395 2

211 1419 330 1496 resilis
345 1434 470 1494 quorum
488 1413 603 1491 judicio
618 1413 666 1471 illa
693 1413 801 1488 scripta
820 1424 888 1469 sunt
902 1412 980 1488 apud
1021 1413 1214 1492 suspendisse.
1224 1414 1289 1473 Alia
1302 1433 1339 1472 uc
1347 1413 1466 1486 addam,
1478 1413 1593 1473 videtur
1606 1417 1689 1493 apud
1704 1418 1802 1476 Athe-

210 1506 344 1567 Suidsm:
353 1501 423 1562 κατδι
434 1499 464 1561 δί
475 1522 549 1568 τινος
567 1496 713 1578 [τάττεται]
726 1496 773 1558 καί
787 1497 845 1576 paa'
857 1497 981 1559 Ἡσίοδον
1021 1520 1115 1560 nasum
1125 1503 1150 1561 Δ
1159 1500 1266 1561 abiisse
1276 1502 1308 1560 in
1319 1504 1357 1561 h:
1368 1520 1433 1560 eam
1443 1501 1555 1561 literam
1563 1503 1672 1562 leuiter
1679 1517 1802 1565 vertere

209 1592 256 1653 καί
272 1589 451 1670 Ἀντίμαχον.)
467 1593 595 1646 Alteram
621 1601 718 1645 tumen
741 1586 778 1644 ab
792 1607 825 1643 σο
844 1588 979 1655 materiis,
1022 1589 1120 1648 malim
1129 1610 1217 1668 quam
1227 1592 1393 1651 ileraoleam
1407 1602 1543 1669 torquere
1554 1592 1762 1652 vehementer.

209 1686 332 1739 alterum
346 1679 521 1754 disponendi
533 1679 641 1734 ratium
654 1677 742 1737 niuei.
754 1674 837 1734 Cous.
852 1674 981 1735 Naehium
1063 1679 1129 1738 Non
1149 1698 1267 1757 possum
1285 1679 1447 1739 Aristotelis
1464 1679 1501 1738 de
1517 1679 1686 1757 hujusmodi
1706 1701 1799 1759 argu-
1867 1706 1868 1743 ν

211 1770 249 1828 de
263 1768 391 1828 Choerilo
404 1786 434 1844 p.
458 1765 491 1823 61
511 1784 554 1842 sq.
1022 1778 1123 1825 mento
1137 1765 1277 1843 judicium
1294 1767 1440 1846 praeterire
1452 1789 1459 1825 ι
1470 1767 1550 1845 quad
1566 1788 1670 1827 verum
1690 1788 1759 1828 esse
1770 1783 1800 1829 et

250 1855 393 1916 Heraclea
405 1851 576 1928 Panyasidis
588 1870 647 1909 non
661 1861 813 1926 quattuor,
829 1849 879 1909 sed
896 1861 983 1928 quat·
1022 1872 1059 1912 ex
1069 1853 1133 1932 ipsa
1146 1874 1266 1932 poeseos
1279 1868 1379 1914 namra
1388 1856 1507 1934 petitum
1517 1868 1637 1915 evenurs
1651 1856 1800 1936 hodieque

210 1936 792 2006 tuordecimlibrorum‘fuit:memoratur
801 1940 981 2013 undecimus,
1023 1940 1135 2020 probat
1150 1942 1223 2003 Nam
1244 1962 1297 2021 per
1319 1962 1405 2003 omne
1430 1956 1543 2021 tempus
1560 1945 1670 2022 scripta
1685 1960 1801 2005 mutet
1868 1938 1869 1947 ¹

210 2047 241 2093 et
260 2034 421 2110 fragmenta
447 2031 579 2108 quadam
603 2029 761 2088 ostendunt
780 2049 839 2086 uon
859 2029 982 2106 picturis
1023 2029 1187 2089 scribantur
1208 2028 1260 2103 ίπη
1280 2051 1344 2109 quae
1363 2031 1549 2111 biographica
1573 2031 1691 2091 dixeris.
1711 2035 1757 2092 Ea
1770 2037 1798 2094 si

210 2121 300 2183 modo
316 2141 399 2191 eum,
420 2118 471 2177 sed
485 2116 669 2176 sermonibus
687 2119 774 2176 etiam
799 2117 922 2176 heroum
935 2137 982 2177 res
1024 2117 1163 2177 maximos
1178 2119 1293 2196 plausus
1306 2119 1436 2179 retulisse
1451 2130 1611 2191 nuruum,
1626 2120 1683 2179 hoc
1693 2121 1796 2181 credas

209 2222 306 2288 gestas
318 2210 469 2277 animasse.
496 2207 570 2267 Usus
602 2225 664 2265 esse
688 2205 806 2263 videtur
833 2205 890 2264 illis
922 2205 983 2265 sere
1023 2205 1145 2277 allicere,
1162 2219 1195 2266 ut
1213 2206 1334 2269 lectores
1349 2227 1415 2267 cum
1440 2206 1626 2267 admiratione
1661 2208 1796 2285 frigam
1869 2214 1870 2217 ’

210 2296 441 2374 omuibus,quoe
456 2305 524 2352 ante
543 2313 610 2351 eum
626 2293 777 2366 Pisandes,
790 2293 982 2364 Stesichorus,
1024 2293 1071 2353 Sic
1083 2294 1172 2372 igitur
1193 2295 1378 2364 Aristoteles,
1399 2297 1505 2355 Poetis.
1519 2317 1546 2355 c.
1560 2295 1702 2362 διδίῦδός
1724 2298 1795 2355 ἐστιν

211 2389 335 2448 fortasse
349 2384 398 2443 alii
412 2402 531 2461 quoque
551 2393 646 2459 poetae
665 2381 748 2457 lyrici
762 2392 792 2440 et
809 2381 916 2439 scenici
935 2380 982 2440 vel
1024 2372 1075 2456 τίς,
1088 2383 1153 2461 οὐχ,
1165 2379 1256 2464 osup
1270 2381 1337 2448 τινίς
1349 2380 1463 2456 οἴονται,
1473 2381 1519 2442 ida
1528 2379 1646 2463 πιρὶίνα
1661 2375 1691 2455 ἦ·
1707 2383 1797 2443 xciiii

212 2494 290 2535 nors
305 2473 423 2535 Herculi
446 2470 623 2541 tribuerant,
637 2469 684 2528 vel
697 2469 792 2528 miuus
806 2482 876 2529 nota
888 2489 924 2528 es
936 2470 982 2528 lo·
1024 2466 1077 2550 γδιρ
1089 2467 1135 2527 καί
1143 2466 1240 2552 ἄπειρα
1250 2472 1289 2550 τῷ
1299 2467 1339 2528 iel
1356 2469 1508 2547 crudelia·
1531 2468 1558 2539 u
1576 2460 1614 2531 ὧν
1626 2448 1709 2530 ἐνίων
1720 2471 1797 2532 οὐδέν

210 2582 313 2624 corum
327 2561 436 2639 mythis
449 2560 479 2619 in
492 2561 586 2619 lucem
598 2557 795 2635 protulerant:
808 2576 876 2615 uam
887 2556 924 2616 de
939 2576 985 2616 re·
1024 2557 1095 2616 ἐστιν
1115 2553 1153 2615 ia.
1173 2554 1254 2617 Oica
1267 2555 1296 2615 δδ
1309 2556 1354 2617 κοί
1367 2555 1473 2637 πράξεις
1489 2556 1545 2624 iel:
1557 2558 1657 2618 πολλαί
1670 2561 1742 2618 εἰσιν
1768 2559 1797 2628 ἐξ
1870 2594 1871 2599 1

209 2652 267 2712 bus
279 2649 429 2709 nonnullis
446 2646 556 2706 diserte
567 2644 639 2704 illud
654 2644 798 2704 testantur
810 2644 983 2722 scriptores3
1024 2634 1061 2703 ὗν
1077 2642 1126 2722 μία
1143 2643 1254 2723 οὐδεμία
1267 2643 1385 2723 γίγνιται
1396 2643 1497 2722 πρᾶξις.
1510 2644 1577 2706 Δι’δ
1592 2645 1692 2714 πάντες
1702 2605 1798 2708 iodru-

210 2740 248 2801 sd
259 2740 447 2817 antiquorum
457 2736 529 2794 ίπῶν
539 2732 669 2792 saboiam
684 2751 831 2791 reversum
844 2750 907 2790 esse
920 2750 983 2790 me-
1025 2755 1067 2792 οιν
1092 2730 1265 2814 ἁμαρτάνον,
1282 2732 1339 2792 door
1358 2735 1412 2793 τῶν
1435 2736 1552 2805 ποιητῶν
1564 2731 1737 2816 Ἥρωιληίδιι
1751 2737 1797 2797 ssi

211 2819 983 2902 morantnusquam.lllisenirnapndClementemhlex.
1025 2820 1150 2893 Θησηΐδα
1172 2821 1219 2881 καί
1247 2818 1282 2880 sd
1305 2826 1415 2880 τοιαῦτα
1438 2819 1576 2899 ποιήματα
1600 2823 1796 2895 asturiarum·

210 2916 371 2986 Strorn.Vl‚
386 2934 415 2991 p.
431 2911 667 2985 7511Αὗτοτσλῶτ
677 2906 711 2967 τὰ
723 2905 818 2989 ίτίριον
830 2905 984 2985 ὑφελόμενοι
1025 2908 1125 2969 οίοντιιι
1144 2905 1209 2992 γὰρ,
1230 2907 1286 2968 test
1305 2898 1418 2982 cirisi
1441 2907 1593 2990 Ἡρακλῆς,
1615 2909 1662 2970 ha
1687 2911 1797 2973 salah

210 3007 248 3073 a<
265 3002 320 3064 ἴδια
337 3000 477 3078 didimus
539 2997 643 3077 (quum
664 2997 714 3057 alii
734 2990 955 3069 inminentium<
969 2998 984 3054 δ
1026 2999 1107 3074 μῦθον
1121 2985 1188 3055 τίνοι
1200 2994 1353 3078 apompeii.
1367 2994 1402 3057 ‘0
1412 2993 1585 3078 δδὌμηρος,
1597 2996 1686 3078 ὥσπερ
1696 2999 1747 3058 καί
1761 2998 1798 3059 sd

211 3087 411 3172 Ἁλικαρνασσὸς
417 3083 492 3168 παρὰ
504 3082 716 3167 Κριωφίιλουζτοῦ
730 3081 835 3160 Σαμίου
844 3081 985 3162 τὴνΟίχα-
1025 3084 1095 3165 ἄλλοι
1106 3082 1235 3166 διοφίριι,
1248 3083 1293 3144 καί
1308 3085 1380 3145 τοῦτ’
1397 3083 1466 3144 dossa
1478 3087 1564 3152 καλῶς
1580 3086 1653 3160 ίδιῐν,
1666 3087 1730 3157 ἤτοι
1751 3086 1797 3146 td

210 3180 270 3247 λίος
281 3180 483 3252 ἅλινοιν,ησιιιο
493 3174 544 3252 qui
556 3174 640 3232 istam
650 3173 686 3231 de
694 3174 804 3249 plagiis
815 3171 984 3248 trsgoediam
1024 3172 1121 3252 τέχνην
1131 3169 1149 3244 ἢ
1161 3170 1205 3230 διὰ
1218 3170 1304 3254 φύσιν.
1316 3172 1472 3232 Ὀδοσσσίαν
1483 3170 1533 3252 γὰρ
1545 3176 1627 3232 ποιῶν
1639 3174 1689 3232 οἰσι
1699 3173 1796 3246 ἐποίη-

212 3281 303 3327 totam
329 3263 503 3343 inspexerit,
530 3260 561 3321 id
582 3260 638 3319 sibi
662 3258 831 3337 persuaderi
855 3259 985 3335 patiatur
1026 3282 1070 3320 σιν
1083 3259 1188 3320 ἅπαντα
1202 3258 1339 3319 decano
1356 3258 1470 3333 ουνίόη,
1486 3250 1539 3318 οἷον
1558 3260 1795 3339 πληγῆναιμίνίν

210 3368 244 3415 ut
268 3352 412 3430 Panyasiu
429 3352 460 3409 in
480 3369 517 3409 eo
537 3349 603 3407 loco
617 3344 984 3425 peromniaCreophylurn
1025 3349 1064 3428 τῷ
1090 3349 1239 3428 Παρνασῷ,
1261 3320 1377 3425 persiam
1399 3346 1427 3406 ti
1453 3347 1687 3429 προσποιήσασθαι
1702 3350 1733 3406 ἐν
1756 3352 1795 3408 ὤ

208 3441 388 3522 expressisse
407 3439 496 3498 dicat.
523 3437 660 3497 Ceterum
685 3434 771 3493 nimis
802 3432 860 3493 levi
884 3452 996 3492 caussa
1026 3435 1150 3516 ἀγιρμῷ·
1164 3423 1202 3494 ds
1214 3432 1408 3516 ὠδίνδιιπίρνν
1420 3434 1560 3514 γινομένω
1572 3408 1795 3515 beguinis}

210 3541 362 3611 permotus
378 3530 414 3589 0.
435 3527 575 3586 idiillerus
589 3525 626 3585 de
641 3523 822 3599 rationeque
838 3533 926 3599 poeta
939 3541 984 3580 res
1025 3520 1093 3589 ιῖκδι
1103 3521 1210 3603 hirspe-i
1221 3521 1356 3601 γενέσθαι·
1370 3521 1439 3582 diii
1454 3521 1515 3605 πιρὶ
1533 3523 1597 3601 μίαν
1614 3522 1725 3605 πρᾶξιν,
1737 3523 1794 3586 οἷον

211 3619 344 3680 Herculis
350 3615 518 3677 tractaverit
528 3609 836 3690 hocjudiciumemisit
847 3608 932 3688 (lior.
946 3610 984 3681 ll,
1024 3608 1146 3690 λίγοριν,
1161 3608 1207 3683 τὴν
1223 3610 1379 3671 Ὀδοσσιίοιν
1393 3609 1560 3684 συνίστησιν.

209 3727 240 3786 p.
252 3707 324 3784 472)
334 3729 342 3766 ι
352 3731 365 3759 ν
377 3703 548 3781 Panyasidis
557 3700 697 3762 Heraclea
709 3699 734 3758 si
743 3698 826 3757 libris
836 3707 985 3775 quattuor·

210 3796 321 3868 deciam
337 3812 474 3853 ramnum
491 3789 619 3850 millibus
632 3807 739 3847 novem
749 3785 983 3863 comprehende-
1469 3832 1482 3843 ,

209 3884 308 3952 batur,
323 3896 403 3962 gesta
419 3880 613 3960 quaedam,in
631 3876 728 3936 medio
743 3873 905 3952 presertim
918 3893 983 3930 car-
1303 3884 1514 3946 flssggcm,

210 3973 302 4045 mine,
312 3970 439 4029 maniam
451 3988 519 4027 cum
530 3967 616 4045 copia
626 3977 655 4023 et
664 3965 732 4023 satis
743 3963 857 4040 prolixe
866 3973 983 4019 narrata

211 4060 425 4118 luisseneoesse
438 4069 576 4114 estzuam
587 4048 984 4126 dhiooeomuescomplecte·
1397 4015 1423 4072 ¹·

210 4145 299 4205 batur
319 4144 395 4202 liber
420 4144 542 4221 primus.
565 4142 663 4213 Quare
675 4138 827 4214 -Pauyasin
852 4135 983 4196 breviter
1064 4136 1226 4214 Stephanus
1246 4134 1572 4215 Βγσ.εΒιμ6ῑνσ,ιιοίμη
1592 4134 1793 4214 τῆςΝιμίας...

212 4233 345 4293 retulisse
358 4242 510 4309 putoque
524 4227 561 4288 ah
574 4228 639 4287 aliis
652 4226 713 4304 jam
733 4235 856 4284 tractata
869 4237 982 4297 essent3
1024 4222 1059 4286 ‘0
1075 4224 1185 4296 πολίτης
1202 4223 1398 4303 Boudaia-ns...
1411 4222 1485 4305 παρὰ
1501 4222 1637 4307 δδῬιονῷ
1655 4224 1793 4303 Βιμὸινό-

211 4335 242 4383 st
254 4320 366 4381 fabulas
378 4330 445 4377 ante
456 4319 554 4396 ipsum
565 4316 625 4375 lere
632 4315 792 4394 neglectas,
806 4324 840 4370 ut
850 4313 981 4372 llerculis
1024 4334 1080 4384 τος.
1093 4311 1200 4373 Ἔοικεν
1210 4304 1256 4372 σίν
1271 4313 1354 4394 (adde
1363 4316 1415 4387 ὡς,
1426 4313 1477 4372 sed
1486 4313 1517 4372 iu
1526 4314 1665 4391 exemplis
1678 4332 1796 4392 quoque

1319 3781 1484 3807 NJ.-

243 4518 420 4572 rmnuutiu
439 4529 545 4579 senus,
559 4512 780 4576 noumtqddsn
796 4511 983 4576 opinantur‚si
1029 4511 1556 4574 Pmnmsoratnerstumessestinseniam
1571 4510 1794 4562 dunimius*

212 4594 324 4643 versetur
335 4591 401 4640 ciros
416 4586 541 4637 hominem
561 4596 638 4634 unum
650 4602 655 4629 :
669 4582 747 4631 muita
763 4582 830 4631 enirn
849 4582 875 4631 et
888 4579 983 4628 infinita
1026 4583 1111 4645 leetu;
1125 4598 1230 4648 quarm
1247 4588 1374 4645 nanuum,
1388 4582 1409 4632 sl
1425 4581 1528 4633 dierunt
1544 4582 1727 4642 neumausi,
1738 4580 1794 4631 tirsi

213 4662 257 4713 unt
267 4661 396 4723 scaldum
408 4672 439 4709 es
451 4668 556 4721 morum
566 4652 716 4717 quibusdam
728 4650 826 4701 nihiiflt
842 4663 928 4701 unum
941 4649 983 4700 sic
1025 4656 1188 4705 ammaum
1205 4658 1248 4706 aut
1262 4653 1395 4704 vfflgrmfle
1418 4657 1470 4703 mr
1485 4667 1492 4701 :
1507 4652 1550 4703 ,ed
1566 4652 1598 4705 d„
1610 4664 1678 4712 m,
1694 4651 1795 4714 qum

212 4734 288 4783 etiam
304 4731 411 4782 actiones
423 4729 495 4779 unius
511 4725 596 4776 multu
615 4727 685 4785 sont,
698 4736 729 4773 ex
742 4716 833 4785 quihus
853 4735 903 4771 uua
915 4720 983 4770 nutis
1025 4725 1144 4791 diximus,
1153 4727 1248 4778 actione
1257 4725 1392 4790 Odyssean
1403 4723 1547 4788 composuit

213 4801 241 4859 tit
251 4801 323 4856 actio.
334 4804 415 4860 Quare
423 4810 508 4850 omues
519 4796 636 4846 videntur
645 4806 734 4853 errare,
745 4792 892 4856 quicumque
902 4794 983 4855 poeta·

213 4886 270 4923 rum
284 4870 452 4923 Heracleidem
464 4873 489 4920 et
500 4865 644 4918 Theseidem
657 4866 683 4915 et
700 4862 789 4914 similia
801 4865 912 4927 poemata
922 4861 983 4910 leoe-

214 4945 279 4993 runt.
293 4942 386 5001 ruunt
400 4939 482 5000 euim,
493 4937 609 5002 qaorriarn
621 4947 686 4985 unus
699 4932 891 4993 trutinantes,
906 4943 980 4979 uuam
1301 4931 1517 4995 HERACLEA·

213 5013 288 5064 etiam
301 5024 354 5061 esse
364 5009 471 5059 fabulam
483 5008 579 5060 debere.
592 5008 714 5057 Homerus
726 5017 793 5063 vero,
806 5000 879 5052 sicuti
893 4999 982 5050 oeteds

214 5080 425 5140 inrebuseraluet,
436 5079 526 5128 italioc
535 5089 633 5142 qtroqae
643 5075 740 5125 ridetur
750 5069 982 5136 recuperspexissu
1394 5058 1421 5107 i.

215 5154 269 5203 sire
281 5152 340 5205 artis
356 5164 400 5201 seu
415 5150 511 5201 nature
531 5146 657 5198 auden.
673 5144 809 5207 Odysseam
825 5142 890 5193 euim
902 5152 980 5209 quum
1056 5133 1183 5197 Bembina,
1198 5134 1268 5184 ricus
1277 5135 1373 5184 Nemees
1375 5165 1422 5180 .....
1433 5129 1504 5194 euius
1519 5126 1655 5193 oppidanus
1671 5124 1796 5177 emuni-

215 5222 314 5278 iaosret,
329 5236 379 5274 nou
390 5219 513 5273 manavit
523 5219 606 5269 omnia
620 5228 677 5280 que
692 5214 727 5266 1111
737 5213 893 5281 acciderunt,
909 5214 939 5263 ut
953 5210 979 5261 ln
1025 5211 1064 5259 tea
1066 5241 1111 5258 .....
1126 5205 1199 5270 Apud
1210 5205 1331 5256 mnarum
1345 5215 1403 5254 vero
1419 5200 1584 5261 seminans,
1594 5200 1624 5249 ut
1634 5197 1759 5262 Αἰνίων
1769 5199 1798 5247 et

1331 4842 1476 4867 —m—
