3790 5872
673 380 890 447 munaum
910 380 1158 444 mansura.
1658 400 1695 462 ιι

127 520 291 588 Antimachi
310 517 440 578 studioso
453 512 612 577 Heraclidas
627 517 741 577 Pontici
763 516 891 574 testimo·
929 516 1107 589 produceret.
1124 515 1186 573 lloc
1198 532 1251 592 per
1263 532 1295 572 se
1305 513 1397 572 videri
1405 525 1502 592 potest
1513 514 1695 577 incredibile:

127 608 572 688 niumgrarissimum,servatum
582 625 597 663 a
607 606 719 675 Proclo,
729 606 890 665 Commeat.
932 601 1046 659 interim
1061 614 1139 660 certo
1153 602 1317 660 testimonio
1328 614 1447 675 constat,
1457 604 1648 664 narrationem
1660 607 1696 666 de

128 701 158 756 in
174 699 247 759 Plat.
269 696 343 754 Tim.
361 695 384 766 l,
395 715 424 774 p.
439 695 476 752 28
490 694 584 752 med:
599 691 686 776 Εἴπερ
705 715 745 760 τις
758 691 834 759 ἄλλος
846 692 890 751 καὶ
934 688 1026 766 epulis
1047 688 1152 766 quibus
1164 690 1302 748 Adrastus
1315 689 1392 747 domi
1411 708 1470 747 sum
1488 692 1601 768 excepit
1611 692 1697 753 duces

127 786 243 855 ποιητῶν
258 780 362 862 άριοτος
385 780 504 864 κριτὴςὸ
522 781 648 843 Πλάτων.
718 779 892 863 Ἡρακλείδης
934 777 1079 849 collectos,
1095 778 1237 836 exstitisse
1255 779 1285 836 ia
1309 776 1385 835 libro
1405 777 1520 855 quinto,
1543 780 1648 839 deinde
1661 803 1697 841 ex

128 877 188 949 γοῦν
200 873 214 928 b
234 865 361 934 Ποντικός
374 892 453 952 φησιν
466 867 507 928 ὅτι
519 872 572 927 τῶν
581 866 706 951 Χοιρίλον
718 867 778 927 τότε
790 868 892 927 abdarr-
935 864 1101 942 fragmentis
1117 865 1174 924 hoc
1197 866 1272 923 effici
1286 877 1391 944 potest,
1413 878 1527 943 poetam
1545 866 1574 924 in
1595 868 1698 928 itinere

130 958 247 1036 μώντων
268 954 383 1017 Πλάτων
407 955 442 1016 τά
460 955 620 1036 Ἀντιμάχου
640 954 828 1038 προύτίμηοιν,
846 955 891 1016 καὶ
934 953 1078 1011 exercitus
1100 952 1247 1031 pingendo
1266 952 1301 1011 ad
1322 952 1436 1030 mythos
1460 956 1607 1031 locorum,
1626 978 1699 1036 quos

129 1044 206 1104 αὐτὸν
227 1042 315 1103 laetat
324 1044 369 1104 τὸν
380 1042 555 1125 Ἥρωιλιίδην
569 1048 606 1111 οῖς
619 1045 764 1125 Κολοφῶνα
784 1041 892 1103 ἐλθόντα
935 1038 983 1096 ille
997 1039 1118 1112 transiit,
1131 1059 1192 1098 esse
1203 1040 1369 1118 digressum.
1391 1042 1500 1112 Quare,
1519 1043 1697 1104 etiamsinon

129 1129 163 1190 ab
176 1131 313 1209 ποιήματα
324 1130 444 1199 συλλέξαι
452 1136 499 1189 τῶ
508 1128 609 1211 ἀνδρός.
619 1128 716 1202 Μάτην
730 1120 774 1188 οὖν
790 1131 892 1212 plara·
936 1137 1064 1185 tenemns
1078 1147 1228 1186 numerum
1239 1127 1319 1187 illum
1330 1128 1551 1207 Porphyrionis,
1563 1131 1698 1192 latissime

131 1217 439 1301 μοῧσιΚιιλλίμαχοςκοὶ
448 1222 553 1299 Δῶρις,
563 1220 599 1285 ὡς
608 1215 752 1284 Πλάτωνος
765 1219 812 1276 οὐκ
820 1216 893 1284 ὄντος
936 1224 1054 1271 tractata
1068 1215 1154 1273 fuisse
1167 1215 1264 1272 omnia
1275 1229 1304 1273 et
1312 1234 1397 1292 quam
1408 1216 1517 1293 possint
1527 1217 1650 1296 plurima
1662 1242 1699 1280 ex

130 1309 222 1366 ἱκανοῦ
232 1306 328 1388 κρίνειν
343 1303 462 1377 ποιητάς.
477 1307 584 1366 Notum
598 1306 687 1383 igitur
705 1316 734 1363 et
758 1317 891 1364 testatum
935 1300 1042 1377 mythis
1055 1315 1190 1381 congesta
1201 1315 1332 1381 apparet.
1346 1304 1458 1363 lloratii
1470 1307 1629 1366 versumde
1643 1311 1697 1367 llo-

132 1405 194 1452 erat
212 1395 341 1453 Platonis
360 1393 398 1452 de
420 1393 590 1452 Antimacho
606 1391 764 1470 judicium3
780 1411 812 1450 ac
832 1393 893 1452 sine
936 1406 1025 1460 mero,
1037 1389 1087 1467 qui

132 1477 222 1538 dubio
233 1501 299 1539 cum
318 1481 380 1540 aliis
394 1478 522 1558 ejusdcm
532 1479 587 1539 viri
600 1480 630 1537 in
645 1497 678 1537 re
691 1477 804 1555 poetica
815 1478 893 1557 apud

133 1565 343 1626 Alexandrinos
354 1567 476 1626 multum
490 1564 663 1643 jactabatur.
679 1565 751 1636 Quae
764 1584 810 1622 res
822 1566 847 1623 si
857 1566 893 1625 ad

133 1655 310 1714 narrationes
319 1654 380 1713 illas
386 1653 568 1713 Plutarcbiet
576 1651 721 1712 Ciceronis
731 1650 895 1727 adhibetur,
937 1666 995 1704 nou
1003 1647 1126 1721 orditur,
1139 1647 1174 1706 ad
1186 1647 1362 1707 Thebaidem
1373 1649 1460 1707 refert
1469 1653 1565 1710 Acron
1573 1652 1618 1729 (ad
1625 1655 1658 1712 A.
1665 1656 1698 1715 P.

134 1760 192 1798 ιιοιι
211 1754 305 1819 potest
319 1743 388 1820 quin
404 1741 597 1819 suspicionem
616 1751 716 1816 augeat
730 1758 767 1798 ex
781 1740 895 1801 illarum
941 1734 1016 1814 136).
1032 1736 1069 1794 Et
1089 1735 1142 1793 h0⁵
1153 1738 1232 1813 ipsos
1246 1735 1332 1794 fuisse
1353 1742 1489 1796 terminos
1507 1741 1640 1800 canninis
1655 1742 1700 1820 (ut

133 1828 350 1903 comparatione
373 1836 477 1904 sponte
499 1824 689 1884 oborientem.
720 1825 758 1883 lis
773 1827 849 1885 enim
870 1830 895 1888 si
937 1821 1073 1881 observat
1084 1823 1250 1882 Welclrerus
1261 1823 1298 1881 de
1309 1824 1399 1900 Cyclo
1407 1844 1489 1903 epp.
1506 1831 1558 1888 103
1569 1828 1634 1906 sq),
1645 1847 1699 1907 pro

133 1911 287 1981 credimus,
298 1913 382 1973 Plato
392 1911 438 1971 bis
450 1911 566 1971 auditor
574 1923 635 1969 erat
644 1910 819 1987 Antimachi,
830 1915 894 1992 pri-
937 1922 1016 1968 certo
1024 1908 1125 1968 haberi
1136 1923 1319 1988 potestzuam
1328 1912 1464 1990 Meleagri
1475 1933 1552 1973 mors
1562 1915 1591 1973 in
1601 1935 1700 1974 caussa

134 2018 211 2058 mum
223 2020 312 2078 quum
325 1999 440 2077 juvenis
459 2011 534 2058 esset
545 1999 646 2076 viginti
661 2010 796 2076 ιηιιιιιιιιοι
807 2022 896 2060 anno-
937 2009 1008 2071 erat,
1022 2016 1074 2055 eur
1089 2009 1156 2076 post
1166 1998 1285 2056 Melania
1299 1996 1423 2056 filiorum
1440 2000 1543 2058 OEneo
1554 2001 1698 2060 insidiato-

134 2107 208 2158 rum,
223 2087 327 2145 deinde
336 2106 425 2164 quum
440 2087 487 2144 vir
500 2086 573 2143 sama
589 2086 713 2145 maxima
723 2088 896 2159 florens3bis
937 2104 1002 2141 rum
1018 2083 1124 2143 caedem
1146 2086 1172 2144 Τ
1173 2083 1261 2160 ydeus
1275 2103 1312 2141 ex
1326 2084 1420 2162 patria
1437 2084 1615 2163 abigeremr3
1629 2088 1700 2147 llio-

135 2172 282 2232 solabatur
304 2173 507 2234 Antimachum
528 2176 590 2251 ipse
603 2173 689 2233 solus.
703 2176 780 2235 Sami
801 2189 895 2237 autem
938 2170 1027 2229 medis
1045 2170 1140 2229 reditu
1158 2171 1242 2249 plane
1257 2171 1412 2249 implentur
1428 2174 1568 2249 promissa
1588 2173 1700 2234 Adrasti

135 2259 260 2319 adfuisse
274 2262 422 2321 Platonem
434 2280 510 2320 anno
529 2269 598 2332 lot,
611 2261 789 2321 Athenarum
804 2265 896 2324 victo-
938 2258 973 2317 de
985 2257 1155 2318 reducendis
1168 2260 1289 2337 generis.
1305 2259 1603 2337 Etllpigcnorumres
1616 2281 1699 2321 ccm-

135 2368 195 2407 rem
211 2363 359 2422 sectatum,
370 2351 442 2410 nihil
457 2351 487 2409 in
500 2351 601 2409 ceteris
613 2350 792 2413 documentis
803 2356 898 2434 loqui-
938 2347 1051 2425 plexum
1075 2366 1136 2405 esse
1155 2345 1340 2419 Thebaidem,
1361 2346 1518 2405 scholiastae
1532 2349 1699 2428 Aristopha-

136 2449 199 2510 tur3
213 2438 387 2514 Lysandriis,
402 2440 562 2499 Samiorum
578 2459 656 2498 novo
678 2440 752 2501 [esto
770 2455 799 2500 et
814 2445 897 2521 quasi
938 2435 982 2493 nis
997 2435 1081 2493 etiam
1098 2454 1181 2493 error
1199 2447 1360 2494 monstrare
1380 2435 1506 2507 videtur,
1526 2435 1562 2494 ad
1575 2436 1658 2495 Pacis
1670 2457 1698 2497 ν.

135 2526 255 2602 privato,
283 2540 406 2586 certasse
426 2527 628 2587 Antimachum
653 2529 719 2606 ipso
742 2529 793 2588 illo
810 2550 895 2605 auno,
943 2529 1027 2606 1269,
1046 2523 1115 2608 ἀρχὴ
1136 2525 1349 2606 τῶνἘτιγόνων
1367 2526 1541 2608 Ἀντιμάχου,
1558 2534 1700 2608 quamsit

134 2630 220 2688 quem
232 2624 366 2690 tanquam
381 2614 460 2672 iloris
471 2612 533 2690 ejus
557 2626 674 2672 annotat
692 2616 895 2693 Apollodorus,
939 2615 1138 2675 Alcmaeonidis
1148 2614 1270 2672 initium.
1283 2617 1413 2675 Fortasse
1425 2615 1473 2674 illa
1492 2636 1558 2695 pars
1572 2617 1699 2678 Thebai-

133 2699 242 2757 rictum
254 2701 338 2760 etiam
350 2700 386 2760 ab
401 2702 538 2761 Nicerato
558 2705 682 2777 quodam
698 2703 827 2779 (fortasse
848 2724 896 2763 eo·
939 2703 982 2762 dis
995 2703 1140 2761 immensas
1160 2702 1314 2779 separatim
1328 2699 1473 2760 serebatur
1487 2704 1603 2763 nominc
1619 2704 1700 2765 ’Em-

134 2786 210 2860 dem,
224 2788 254 2845 ἰιι
269 2808 354 2866 quem
372 2786 517 2867 ἡττημένον
530 2786 581 2847 ὑπὸ
593 2787 712 2869 lipsiaco<
726 2792 896 2873 ῥαψῳδοῦντα
937 2789 1031 2870 γόνων,
1041 2801 1070 2848 et
1082 2788 1135 2847 hac
1148 2788 1185 2846 de
1200 2807 1299 2846 caussa
1310 2788 1392 2868 prius
1403 2790 1495 2865 periit.
1509 2793 1580 2850 Nam
1591 2795 1700 2870 paucis-

133 2872 241 2932 dictum
256 2876 613 2954 Thrasymachimcmorat
630 2877 796 2938 Aristoteles
817 2880 895 2939 llbe-
938 2879 1008 2936 sium
1028 2896 1065 2935 ex
1089 2895 1123 2934 ea
1140 2886 1252 2933 servata
1265 2884 1343 2949 sunt,
1353 2875 1459 2934 indicia
1473 2888 1565 2937 tamen
1579 2899 1637 2937 non
1659 2882 1700 2940 ita

136 2975 189 3020 tor.
199 2964 249 3031 lll,
262 2963 318 3042 rr),
331 2984 398 3023 sane
408 2986 466 3024 non
476 2965 614 3024 credibile
626 2977 677 3025 est.
689 2966 895 3029 Insuntautem
938 2966 1045 3036 tenuia,
1063 2975 1095 3021 ut
1113 2962 1259 3039 Epigonos
1273 2962 1407 3020 cecinisse
1426 2964 1626 3023 Antimachum
1639 2968 1699 3027 sine

133 3049 186 3107 alia
200 3069 317 3128 quoque
328 3052 359 3109 in
372 3052 417 3111 his
426 3052 648 3126 narrationibus,
661 3072 725 3130 quac
735 3054 813 3113 fictas
821 3076 894 3126 esse,
938 3051 1105 3110 temeritatis
1122 3049 1251 3128 periculo
1274 3069 1368 3127 neges.
1392 3049 1476 3110 Adde
1495 3070 1559 3127 quae
1574 3051 1699 3114 diximus

133 3138 252 3196 sortasse
266 3159 325 3196 ιιοιι
340 3141 400 3199 siue
411 3141 513 3213 ironia,
528 3161 566 3199 ex
579 3141 695 3218 cognito
708 3141 758 3201 illo
767 3145 895 3203 Platonis
938 3139 973 3198 ad
986 3139 1087 3216 fragm.
1104 3140 1149 3205 34·

130 3222 241 3298 judicio
255 3237 283 3282 et
303 3228 496 3286 Antimacheae
516 3247 638 3305 poeseos
658 3228 749 3286 doctae
775 3250 828 3289 nec
846 3251 896 3309 po-
976 3226 1188 3286 'l'ractationem
1207 3243 1301 3282 rerum
1322 3224 1698 3304 mythcgraphicaml'uisse,

133 3313 240 3388 pulcris
253 3314 349 3373 indole
370 3317 574 3375 demonstrent.
587 3316 894 3380 Luculenterdeearc
936 3317 999 3392 ipsa
1028 3315 1186 3391 fragmessffl
1204 3312 1379 3370 ⁰⁸tendt¹1¹i³
1398 3312 1466 3371 hinc
1485 3315 1586 3390 cyclici
1606 3328 1699 3393 poete

132 3400 266 3474 exposuit
278 3401 452 3476 Welclrerus,
464 3404 501 3460 de
511 3403 599 3478 Cyclo
613 3403 697 3480 cpico
709 3422 738 3481 p.
757 3407 810 3463 105
822 3425 894 3484 sqq,
936 3402 1082 3479 ingenium
1097 3411 1209 3457 veteres
1221 3400 1252 3457 in
1269 3418 1305 3456 eo
1327 3399 1475 3474 aymonisse
1494 3401 1700 3463 demonstravit

132 3483 162 3540 in
177 3504 234 3560 quo
248 3488 340 3564 capite
354 3489 465 3566 scepsin
482 3508 606 3566 agnosco
614 3490 789 3548 sanissimam
801 3510 829 3549 et
841 3491 892 3569 ju·
936 3490 1109 3549 Welclrerns.
1124 3485 1317 3557 Quintilianus
1324 3486 1392 3545 lnst.
1406 3486 1441 3554 X,
1456 3507 1480 3558 ι,
1497 3488 1560 3558 ς53
1570 3510 1578 3546 ε
1590 3495 1625 3547 Ia
1636 3498 1698 3548 Aa·

133 3569 239 3630 dicium
259 3594 295 3632 ex
312 3575 373 3653 ipsa
394 3576 436 3633 rei
454 3587 557 3634 natura
574 3576 702 3644 ductum,
721 3596 892 3656 quamquam
936 3575 1552 3649 tr‘maclrouuetgravitasetmiar’mecnlgare
1563 3580 1697 3652 elaquea-

131 3677 168 3716 ne
182 3673 369 3719 memoratum
382 3661 498 3738 quidem
509 3682 526 3720 a
536 3663 628 3722 Bodio
642 3664 672 3722 in
686 3664 810 3723 llistoria
821 3679 895 3746 pce·
934 3666 966 3721 dr·
974 3682 1064 3741 genus
1076 3659 1163 3717 babet
1176 3661 1299 3715 laudm.
1310 3660 1368 3715 Sed
1376 3663 1508 3734 quamvis
1520 3664 1698 3721 er‘secrmdas

131 3764 195 3804 seos
207 3747 313 3806 Graecae
323 3749 392 3824 (vol.
406 3749 429 3823 1,
444 3769 472 3826 p.
489 3749 565 3828 515).
927 3752 993 3823 fiere
1005 3750 1082 3828 (post
1093 3744 1259 3822 Homerum)
1277 3748 1527 3820 grammaticorum
1546 3769 1698 3810 consensus

170 3835 358 3893 Antimachus
373 3836 445 3894 viam
459 3857 476 3895 a
490 3837 618 3897 Choerilo
630 3851 815 3899 monstratam
830 3860 890 3899 ιιοιι
934 3838 1061 3913 desieram
1083 3848 1111 3892 et
1123 3830 1280 3908 affectibus,
1295 3846 1323 3888 et
1326 3834 1517 3905 jucunditate,
1537 3839 1697 3912 ctdt‘spasr‘-

130 3933 174 3978 est
183 3923 411 3998 persecutus,sed
420 3923 593 3983 doctrinaeet
601 3926 704 4002 ingenii
711 3928 769 3984 vim
777 3947 891 3987 omnem
936 3929 1019 3993 tione,
1041 3936 1069 3980 et
1087 3923 1204 3979 carniae
1223 3932 1287 3977 arte
1299 3921 1440 3998 deficitur,
1460 3926 1593 3996 utplaae
1607 3928 1697 3983 maai-

130 4008 166 4066 ad
184 4021 296 4068 veteres
312 4011 425 4086 mythos
447 4011 568 4070 reflexit.
587 4014 714 4086 Homeri,
735 4013 817 4091 cujus
830 4035 892 4075 car·
925 4015 1005 4086 festo
1025 4021 1177 4087 appareat,
1192 4020 1300 4084 quanto
1310 4009 1438 4063 sitaliud
1445 4015 1611 4083 pronianum
1622 4032 1694 4085 erse,

130 4097 205 4154 mina
219 4097 333 4175 scriptis
345 4098 498 4158 illustravit
513 4111 543 4157 et
554 4099 727 4174 emendavit,
738 4101 832 4160 studio
844 4104 892 4160 in·
934 4104 1016 4157 allud
1026 4101 1191 4156 secundam.
1205 4095 1406 4172 Dispositionis
1422 4096 1622 4172 Antimacheae,
1633 4119 1697 4176 quae

129 4185 255 4242 nutritus
267 4187 308 4259 (v.
329 4186 443 4245 Tatian.
457 4185 532 4245 Adv.
547 4188 662 4246 Graecos
678 4208 707 4266 p.
724 4191 792 4265 269,
806 4192 829 4248 A
844 4176 889 4249 eil.
933 4187 1046 4264 mythos
1065 4203 1102 4242 ex
1119 4182 1226 4260 mythis
1241 4194 1362 4253 sereret,
1382 4183 1463 4259 quasi
1482 4185 1627 4261 specimen
1647 4206 1697 4245 su·

128 4270 242 4339 beneda
251 4270 489 4350 lVollIPrclegp.
498 4277 771 4352 ccxxxrsqq.)‚epcs
780 4276 890 4354 ingens,
932 4294 1047 4353 peresse
1060 4271 1147 4330 credo
1157 4272 1187 4328 in
1200 4270 1308 4348 garruli
1326 4269 1517 4348 descriptione
1530 4273 1608 4350 apud
1624 4274 1696 4332 Plu·

134 4359 315 4428 Thebaidem,
338 4360 507 4436 composuit.
535 4362 578 4419 lle
599 4358 680 4437 cujus
703 4360 812 4422 ambitu
828 4361 888 4421 baec
934 4364 1072 4423 tarchum.
1082 4362 1171 4431 Unus,
1183 4359 1276 4436 inquit
1287 4357 1327 4438 (p.
1342 4358 1409 4430 513,
1422 4362 1457 4432 A,
1473 4360 1514 4436 B),
1529 4361 1694 4439 interroga-

128 4445 311 4523 Pcrphyrion
325 4446 361 4504 ad
379 4447 531 4506 llcratiiA.
548 4447 582 4506 P.
606 4448 680 4506 136:
697 4451 889 4507 Aratimacbus
933 4446 1571 4525 tus,lntusneSocratcsircspondettanqnam
1578 4449 1694 4521 inuitus,

123 4534 180 4603 suit
192 4535 317 4608 Cyclr‘cus
328 4549 428 4609 poeta.
445 4537 500 4591 Hic
515 4554 664 4609 aggressus
677 4551 719 4593 est
732 4539 890 4608 materiam,
933 4540 997 4597 Non
1007 4549 1066 4609 est;
1077 4536 1148 4595 alius
1159 4535 1257 4613 paullo
1270 4534 1432 4605 humanior,
1448 4535 1617 4612 respondet,
1631 4537 1693 4594 Non

126 4641 214 4696 quam
230 4628 271 4677 sic
290 4623 429 4693 extendit,
446 4634 478 4678 at
496 4625 612 4679 XXIII
623 4627 769 4680 volumina
781 4629 886 4700 impte—
932 4622 1131 4693 estintus,sed
1145 4622 1321 4681 admensus:
1333 4625 1348 4680 b
1362 4620 1390 4680 bl
1407 4622 1527 4702 περιττὸς
1539 4621 1585 4681 sal
1599 4620 1694 4683 άδολά·

127 4712 194 4765 verr't
216 4722 370 4784 antequam
392 4722 500 4784 reptem
515 4712 600 4767 duces
613 4730 703 4786 usque
717 4713 760 4767 ad
775 4711 888 4769 Thebas
933 4733 1013 4792 σχης,
1023 4709 1055 4769 ἄν
1070 4707 1146 4788 γιδὴ
1165 4706 1234 4789 τάχη
1246 4709 1291 4768 καὶ
1303 4707 1348 4768 τὸν
1364 4706 1529 4789 Κολοφώνιον
1540 4708 1693 4790 ἀνεγνωκὼς

991 1519 1115 1578 reditum
1122 1518 1268 1579 Diomedis
1277 1520 1314 1580 ab
1321 1522 1438 1582 interitu
1445 1523 1581 1602 Meleagri

156 4928 262 4979 Ρτοοὶιιι
273 4942 280 4977 :
291 4930 420 4980 Poetarum
433 4943 538 4994 qnoque,
550 4932 572 4982 si
582 4932 638 4996 qnls
648 4931 719 4994 alios,
732 4933 883 4997 optimnsju·
928 4932 1063 4984 Heraclida
1077 4930 1204 4992 samaa,
1220 4931 1413 4995 proficisceretur
1425 4932 1590 4996 colophonem
1599 4935 1624 4983 et
1635 4946 1691 4983 oon·

124 4996 170 5047 der
186 5001 238 5048 erat
249 4998 325 5048 Plato.
342 5000 480 5050 timoclides
491 5002 556 5051 enim
573 5003 689 5052 Ponticus
703 5015 760 5053 eum
780 5006 879 5059 narrat,
927 5002 1031 5065 quirent
1042 5001 1114 5065 nulus
1124 5000 1171 5050 riri
1179 5004 1299 5065 poemate
1309 5003 1409 5051 Frustra
1420 5000 1538 5051 blaterant
1548 5013 1604 5064 ergo
1613 5002 1689 5053 calli·

124 5079 201 5135 quum
219 5066 260 5117 lllc
280 5070 387 5132 empore
399 5069 499 5119 chariti
516 5071 658 5121 carminata
678 5085 775 5122 summo
791 5072 883 5122 honora
927 5071 1027 5122 mathus
1036 5072 1062 5122 et
1074 5069 1156 5128 Duris,
1169 5070 1453 5135 armantarmant
1465 5071 1567 5122 Monens
1573 5072 1683 5136 ludicen·

124 5135 281 5217 haberentur,
296 5137 432 5202 praetulisse
446 5139 536 5204 scripta
552 5141 780 5194 manustram
798 5145 826 5192 ut
836 5140 882 5205 lpsl
929 5141 969 5192 dis
979 5140 1066 5206 poetis.
