3866 5858
283 318 317 362 vt
840 293 1057 354 PBAEFATIO.

283 434 434 504 Scutum
452 428 600 513 attinet,
621 424 772 495 lectores
789 423 834 494 ad
851 425 1026 520 egregiam
1042 425 1241 494 Hermanni
1261 414 1548 521 disputationem
1567 427 1613 502 de

283 552 417 651 triplici
442 550 552 622 huius
570 549 746 647 poematis
770 548 981 620 recensione
1006 550 1233 619 remittamus
1254 563 1409 646 oportet.
1435 552 1613 624 Carminis

239 702 244 731 ν
283 676 382 748 enim
396 674 596 746 intellectui
610 670 1092 768 commodoque'legentium
1104 671 1198 742 male
1211 672 1422 743 consultum
1434 673 1571 765 fuisset,
1583 675 1613 746 si

284 798 515 871 nullaaddita
531 797 767 868 adnotatione
782 810 919 867 textum
931 794 1165 892 dispositioni
1180 795 1289 865 aviro
1303 794 1515 868 doctissimo
1528 822 1613 895 pro·

284 923 412 1022 positas
427 921 595 1019 adaptare
611 917 925 1015 voluissemus(r).
936 922 989 989 De
1009 918 1115 1007 tertii,
1125 917 1227 1013 quod
1247 933 1421 1016 superest,
1439 920 1615 1016 poematis

287 1046 457 1120 Hesiodei
489 1062 616 1118 natura
636 1046 807 1118 Lehrsius
839 1042 947 1114 frater
973 1042 1126 1115 dilectus
1159 1047 1408 1137 Quoestionum
1432 1057 1610 1148 epicurum

288 1193 319 1241 a.
345 1167 433 1267 1837
454 1168 632 1241 editarum
653 1167 903 1240 dissertatione
917 1167 1021 1237 tertia
1040 1191 1170 1237 novam
1189 1171 1356 1266 exposuit
1375 1176 1610 1263 sententiam,

285 1316 378 1392 quae,
392 1293 558 1391 quamvis
579 1292 701 1362 minus
720 1291 871 1389 probata
887 1317 906 1362 a
922 1292 1122 1382 nonnulliS,
1138 1293 1291 1363 maxime
1309 1308 1430 1365 tamen
1442 1294 1617 1366 idoneum

285 1412 415 1488 harum
431 1440 553 1486 rerum
569 1414 728 1486 iudicem
744 1429 849 1484 nacta
868 1429 921 1485 est
939 1413 1167 1485 defensorem
1184 1415 1248 1512 (a).
1263 1420 1303 1485 lu
1319 1431 1444 1487 nostra
1456 1417 1617 1488 editione

286 1538 443 1633 singulas
457 1538 559 1609 facile
577 1562 749 1632 agnosces
768 1538 980 1628 sententias,
999 1562 1088 1634 quas
1107 1537 1277 1610 Lehrsius
1294 1565 1369 1610 non
1384 1540 1455 1611 nisi
1468 1555 1618 1638 propter

285 1662 481 1734 verborum
497 1661 730 1758 quorundam
748 1661 1026 1733 similitudinem
1039 1662 1271 1759 interpositas
1287 1688 1371 1734 eum
1389 1662 1530 1760 reliquo
1546 1689 1619 1735 car·

287 1786 387 1856 mine
399 1785 459 1857 vix
477 1784 656 1856 cohaerere
671 1784 906 1856 demonstrat.
928 1788 1017 1872 Quas
1031 1784 1128 1856 idem
1143 1786 1358 1883 interpolata
1374 1811 1451 1859 esse
1471 1787 1618 1879 iudicat,

287 1908 393 1980 uncis
412 1909 650 1999 inclusimus3
673 1934 754 2005 quae
769 1934 789 1981 e
806 1908 913 1980 variis
929 1909 1207 1981 recensionibus
1221 1935 1385 1982 manasse
1401 1910 1501 2002 vult,
1526 1912 1620 1983 indi·

288 2056 368 2103 care
382 2056 458 2102 non
479 2031 593 2102 licuit.
607 2032 738 2103 Multas
753 2030 928 2103 lectiones
945 2034 982 2104 in
1005 2034 1217 2104 recensione
1232 2048 1349 2105 textus
1369 2035 1620 2132 Goettlingiani

289 2163 335 2235 ab
350 2168 559 2234 Hermanno
574 2163 844 2235 commendatas
859 2166 896 2235 in
911 2179 1079 2235 nostrum
1093 2167 1255 2261 Operum
1270 2180 1305 2236 et
1319 2168 1470 2237 Dierum
1482 2181 1619 2239 textum

290 2308 384 2355 nova
400 2284 468 2356 hac
482 2286 622 2357 ratione
640 2284 859 2382 dispositum
872 2285 1058 2358 introduci
1074 2311 1150 2358 non
1164 2288 1326 2384 potuisse
1340 2305 1497 2387 apparet.
1512 2290 1621 2378 Quod

292 2407 441 2479 Hesiodi
462 2407 746 2505 fragmentorum
767 2408 932 2481 collectio
950 2424 1026 2480 tam
1039 2425 1143 2482 aucta
1159 2426 1306 2508 tamque
1322 2411 1512 2484 emendata
1523 2438 1623 2485 nunc

291 2530 330 2600 in
349 2530 469 2602 lucem
484 2530 626 2629 prodit,
654 2530 692 2601 id
711 2533 819 2603 etiam
838 2536 1048 2603 Hermanno
1068 2532 1240 2623 debetur,
1269 2536 1351 2630 qui,
1369 2546 1564 2631 postquam
1582 2538 1620 2606 in

293 2655 504 2726 recensione
519 2654 578 2724 illa
593 2654 887 2750 Goettlingianam
900 2655 1151 2725 collectionem
1167 2656 1351 2751 castigavit
1361 2655 1558 2754 multisque
1572 2656 1623 2729 lo-

275 2779 345 2849 ‘cis
368 2778 485 2848 citatis
506 2777 757 2874 locupletavit,
784 2777 930 2874 triginta
947 2777 1014 2849 tria
1033 2777 1233 2873 fragmenta
1250 2777 1391 2850 addidit
1416 2804 1512 2851 nova
1538 2780 1621 2878 (ll.

293 2924 372 2998 pag.
388 2899 623 2998 266-271),
642 2926 723 2998 quae
738 2901 776 2971 in
792 2900 954 2973 editione
968 2915 1092 2972 nostra
1108 2899 1210 2972 litera
1229 2906 1272 2972 H.
1288 2904 1504 2974 notavimus.
1518 2908 1624 2975 Acce-

294 3021 390 3093 dunt
400 3038 571 3120 praeterea
582 3022 788 3119 complura,
807 3049 888 3121 quae
908 3048 1130 3121 quamquam
1148 3024 1186 3095 in
1201 3022 1402 3097 Lehmanni
1422 3025 1465 3096 de
1479 3026 1626 3098 Hesiodi

295 3144 507 3217 carminibus
523 3144 674 3243 perditis
686 3147 869 3244 particula
890 3149 1006 3244 priori
1021 3171 1119 3218 anno
1148 3128 1417 3221 1828'sserolini
1442 3148 1536 3220 edita
1548 3151 1624 3247 jam

295 3266 485 3362 leguntur,
513 3293 534 3340 a
554 3268 765 3364 Goettlingio
781 3271 913 3341 omissa
925 3285 1029 3359 sunt,
1043 3271 1184 3367 triaque
1202 3272 1240 3341 in
1264 3273 1424 3342 Crameri
1436 3273 1624 3347 anecdotis

295 3389 456 3486 primum
499 3389 673 3486 evulgata.
704 3395 879 3463 Numeros
893 3391 1158 3486 Goettlingianae
1190 3392 1414 3465 collectionis
1447 3394 1525 3466 sine
1553 3394 1625 3466 ulla

296 3509 399 3582 litera
418 3513 552 3583 nostris
575 3515 834 3611 apposuimus,
851 3515 1013 3585 numeris
1037 3514 1261 3586 collectionis
1289 3516 1493 3589 Lehmanni
1525 3519 1628 3589 litera

298 3639 356 3725 L.,
372 3634 597 3707 collectionis
613 3637 794 3708 Gaissordi
804 3637 860 3710 vel
875 3637 1056 3708 Dindorfii
1073 3637 1176 3708 litera
1189 3642 1232 3707 D.
1246 3637 1427 3735 adscripta
1447 3654 1511 3710 est.
1522 3645 1627 3733 Frag-

297 3760 592 3830 mentumCXVll
600 3763 828 3831 Hermannns
840 3761 877 3831 in
888 3759 1099 3856 praefatione
1108 3758 1154 3829 ad
1165 3758 1285 3856 Eurip.
1302 3758 1424 3855 Helen.
1439 3783 1516 3855 pag.
1531 3762 1626 3830 XVII

297 3882 451 3952 correxit
464 3935 474 3971 ,
496 3881 647 3978 ejusque
660 3883 953 3955 emendationem
964 3872 1181 3980 recepimus,¹
1193 3906 1414 3980 quamquam
1426 3882 1626 3953 Hesiodum

298 4006 347 4076 ita
361 4006 533 4076 cecinisse
548 4006 655 4078 nobis
675 4005 892 4103 persuadere
906 4007 965 4078 vix
981 4031 1188 4102 possumus.

346 4133 386 4200 ln
406 4133 610 4201 Aromonso
635 4131 861 4203 aWeHaueri
879 4130 1099 4203 lectionibus
1116 4154 1385 4226 nonnunquam
1401 4132 1626 4201 recessimus.

298 4256 347 4323 Ex
377 4253 439 4343 iis,
473 4279 563 4352 quas
595 4254 768 4327 editionis
795 4254 1069 4327 Wellauerianae
1098 4254 1243 4325 criticus
1279 4253 1485 4352 (ephemm.
1514 4253 1625 4324 literr.

337 4504 382 4589 (ι),
400 4508 523 4565 Versum
539 4516 605 4579 144,
620 4508 736 4585 qualem
757 4510 788 4567 iu
810 4528 868 4567 una
886 4510 973 4568 trium
985 4510 1100 4569 illarum
1112 4510 1315 4568 recensionum
1335 4508 1422 4567 luisse
1443 4511 1626 4567 Hermanuus

298 4611 370 4684 vult,
383 4612 475 4671 textui
487 4631 542 4671 suo
555 4612 621 4673 loco
637 4611 850 4673 subiunximus.

339 4715 381 4797 (a)
400 4721 599 4777 Hermannum
611 4761 619 4791 ,
632 4719 723 4797 quiin
737 4718 835 4779 Jahnii
848 4717 1001 4777 annalibus
1014 4717 1180 4796 philologiae
1201 4716 1279 4774 hunc
1301 4715 1407 4774 librum
1430 4728 1516 4793 atque
1538 4711 1617 4769 illam

300 4824 459 4903 prasertim
473 4822 705 4885 dissertationem
718 4825 867 4885 iudicavit.
880 4825 968 4884 Aliud
984 4824 1130 4883 decadem
1143 4823 1343 4882 dissertatione
1356 4820 1496 4879 iudicium
1506 4822 1535 4879 iu
1549 4820 1626 4880 Zim-

300 4931 461 4989 mermanni
472 4929 616 5009 ephemm.
637 4932 675 5010 (a.
691 4932 765 4991 1836
776 4975 784 5005 ,
796 4951 859 5010 pag.
884 4933 958 4991 1006
973 4932 1048 5009 sqq.)
1065 4928 1119 5001 sub
1134 4929 1211 4987 calce
1226 4928 1411 5001 recensionis,
1427 4946 1514 5006 quarn
1534 4926 1627 4985 lulius

300 5037 400 5096 Caesar
417 5037 453 5096 de
467 5037 518 5097 illo
531 5036 673 5097 Soetbecri
688 5038 831 5118 opusculo
843 5038 969 5119 scripsit,
984 5038 1079 5117 legere
1093 5036 1285 5096 meminimus.
