3790 5872
300 1448 427 1516 Frmo
440 1439 514 1514 hoc
530 1438 729 1528 volumine,
745 1435 847 1536 quod
861 1435 1047 1533 epicorum
1060 1447 1247 1533 poetarum
1263 1448 1401 1532 septem
1414 1432 1570 1535 comple·

223 1568 227 1576 '
253 1564 362 1636 ctitur
383 1564 542 1636 carmina
559 1577 595 1632 et
611 1560 826 1655 fragmenta,
844 1558 940 1653 faegre
962 1556 1045 1628 tulit
1065 1555 1327 1628 literatissimus
1345 1572 1470 1629 auctor
1487 1557 1569 1629 Col·

251 1683 435 1773 lectionis,
461 1706 610 1779 prorsus
631 1680 756 1752 abesse
779 1679 930 1750 nomina
950 1677 988 1749 in
1010 1677 1072 1749 illo
1090 1701 1218 1773 genere
1238 1699 1389 1774 poeseos
1406 1676 1495 1748 olim
1514 1702 1571 1749 ce-

250 1803 500 1895 lebratissima,
509 1802 686 1890 Pisandri,
695 1800 920 1896 Panyasidtlr,
928 1799 1144 1871 Anamaclri.
1158 1802 1324 1886 Quorum
1334 1813 1572 1896 postremum,

252 1926 358 2021 copia
370 1925 605 2022 reliquiarum
627 1923 710 1994 illos
727 1921 835 2017 longe
851 1935 1099 2017 superantem,
1115 1944 1231 2018 quum
1252 1935 1336 1993 ante
1353 1919 1571 1994 decennium

251 2043 327 2115 fera
360 2045 562 2115 accuratius
598 2055 767 2113 tractasse
797 2040 900 2111 mihi·
913 2039 1066 2129 viderer,
1098 2041 1185 2112 Viro
1208 2042 1349 2136 egregio
1373 2042 1491 2113 mein
1514 2041 1573 2113 his

253 2162 460 2258 fragmentis
488 2162 621 2259 partim
645 2159 876 2257 colligendis,
900 2162 1031 2256 partim
1057 2160 1230 2256 augendis
1265 2175 1316 2243 et
1337 2161 1573 2234 retractandis

254 2308 400 2382 operam
419 2285 625 2381 positurum
643 2281 852 2377 significavi.
870 2280 978 2368 Quod
994 2282 1162 2378 praestiti,
1186 2297 1228 2353 ut
1246 2282 1371 2379 potui,
1388 2284 1464 2355 otio
1486 2306 1574 2356 usus

254 2405 487 2477 vehementer
504 2405 796 2501 circumscripto,
816 2428 892 2475 non
911 2404 962 2475 ita
979 2418 1099 2475 tamen
1117 2418 1286 2499 angusto,
1309 2420 1351 2475 ut
1370 2403 1459 2477 hinc
1483 2405 1574 2477 mihi

254 2528 371 2625 possit
384 2528 604 2599 omissorum
617 2525 902 2598 admissorumre
917 2525 1114 2622 impunitas
1127 2549 1215 2597 esse.
1231 2529 1276 2597 Et
1290 2527 1419 2598 eximie
1433 2526 1576 2623 adjura·

254 2647 322 2721 bar
344 2648 505 2720 virorum
527 2647 667 2743 aliquot
690 2645 1070 2743 praestantissimorum
1087 2646 1247 2743 scriptis,
1266 2646 1304 2717 in
1328 2648 1456 2744 primis
1480 2647 1576 2719 Wel·

255 2769 353 2842 ekeri
366 2784 404 2842 et
418 2773 463 2843 Ο.
480 2769 638 2859 Mulieri,
652 2792 733 2868 quae
747 2770 822 2841 suis
837 2791 990 2866 quaeque
1002 2768 1091 2840 locis
1106 2767 1332 2840 indicantur:
1344 2793 1427 2841 nam
1438 2769 1485 2841 ab
1496 2770 1576 2842 aliis

256 2912 495 2988 quacumque
517 2891 675 2987 sumpsi,
693 2914 734 2962 ea
748 2889 917 2987 leguntur
938 2912 1024 2961 cum
1043 2888 1256 2961 nominibus
1278 2889 1453 2985 ipsorum.
1481 2890 1577 2962 ctae·

256 3011 317 3082 rili
332 3035 479 3111 quoque
505 3009 720 3107 fragmenta,
739 3009 789 3082 ob
819 3009 1115 3100 continuitatem,
1145 3009 1183 3081 in
1208 3008 1307 3082 illam
1331 3011 1461 3082 seriem
1488 3010 1592 3083 reci·¹

255 3130 389 3227 pianda
412 3155 490 3203 esse
509 3130 613 3220 duxi,
633 3144 670 3203 et
685 3134 768 3202 Arii
785 3129 956 3227 pauculas
966 3129 1134 3228 reliquias
1161 3130 1465 3227 praemittendas„

304 3254 429 3338 Quum
447 3274 527 3323 eam
547 3264 686 3348 partem
706 3251 862 3345 negotii,
879 3273 961 3347 quae
979 3250 1232 3324 molestissima
1249 3265 1340 3342 erat,
1361 3253 1578 3349 peregissem

259 3383 296 3443 et
306 3369 469 3442 Pisandri
482 3368 762 3468 Panyasidiaque
782 3370 978 3466 fragmenta
989 3371 1218 3443 corrasissem
1233 3371 1508 3470 undecumque,
1528 3372 1577 3444 as·

260 3491 373 3564 tertur
386 3491 478 3563 mihi
494 3495 538 3563 Η.
556 3493 731 3564 Dirntzeri
743 3491 846 3582 liber,
849 3491 1061 3592 fragmenta
1081 3495 1192 3591 epicoe
1206 3519 1358 3591 poeseos
1374 3498 1578 3597 ¹Graecorum

260 3610 476 3710 adtempora
494 3637 604 3712 usqae
622 3612 822 3685 Alexandri
837 3618 884 3685 M.
908 3613 1151 3710 complectens
1173 3614 1368 3712 (Coloniae,
1394 3614 1511 3712 1840).
1528 3619 1578 3686 Ex

261 3756 336 3832 quo
351 3732 463 3806 didici
478 3732 524 3807 dc
536 3732 743 3830 Panyasidis
753 3735 825 3810 vita
841 3747 877 3805 et
894 3734 996 3832 poesi
1005 3736 1188 3832 scripsisse
1202 3735 1295 3808 duos
1307 3737 1405 3809 viros
1414 3736 1578 3831 juvenes,

260 3851 534 3927 'l'zschirnerum
555 3869 592 3926 et
615 3854 843 3946 Fuuckeum,
870 3870 1039 3953 praeterea
1063 3856 1309 3931 Ecksteinium
1326 3859 1365 3933 in
1384 3859 1522 3933 Erschii
1543 3876 1580 3933 et

263 3976 419 4049 Gruberi
445 3975 727 4075 Encyclopaedia.
751 3981 824 4049 Hac
849 3977 958 4075 igitur
981 3981 1102 4051 statim
1125 3980 1300 4078 inspecta,
1332 3983 1474 4078 gavisus
1497 4008 1579 4056 sum

262 4097 507 4172 Ecksteiuium
526 4097 600 4194 jam
622 4101 661 4170 in
693 4124 802 4172 usum
832 4100 1051 4173 convertisse
1084 4101 1145 4175 illa
1180 4104 1311 4201 scripta
1341 4103 1580 4201 (Taschirneri

264 4219 308 4291 de
328 4218 541 4316 Panyaridalr
563 4220 835 4293 Halicamassei
851 4236 969 4319 poetoe
990 4225 1070 4294 vita
1093 4239 1132 4295 ct
1149 4224 1378 4314 carminibus,
1395 4226 1579 4299 Vratislav.

271 4338 382 4432 1836,
394 4340 605 4413 Funckeida
615 4347 706 4414 Pan.
715 4342 1127 4417 Haucamassensuuua
1133 4361 1171 4417 et
1176 4350 1290 4444 poesi,
1302 4351 1448 4438 Bonnae,
1462 4345 1581 4446 1837),

267 4489 348 4566 quae
365 4465 404 4537 in
422 4462 481 4536 his
495 4463 702 4561 regionibus
719 4464 849 4537 frustra
865 4466 1126 4562 quasivissem3
1146 4483 1182 4540 et
1198 4469 1273 4540 ridi
1288 4493 1347 4542 me
1364 4470 1402 4542 in
1420 4471 1484 4560 iis,
1501 4493 1581 4568 quac

265 4588 339 4684 jam
353 4587 448 4685 typis
466 4610 631 4685 expressa
648 4586 833 4677 tenebam,
849 4586 941 4660 nihil
959 4591 1144 4687 scripsisse
1157 4590 1259 4689 quod
1278 4590 1351 4664 hoc
1371 4592 1453 4666 loco
1472 4609 1581 4668 retra·

268 4709 441 4784 ctandum
457 4724 567 4800 esset;
605 4710 669 4783 sed
693 4712 889 4786 lectoribus
917 4712 1213 4789 commendamus
1231 4733 1431 4791 accuratam
1452 4719 1581 4792 disser-

270 4832 444 4903 tationem
464 4830 687 4924 Ecksteinii,
725 4833 1004 4933 Encyclopaediae
1031 4858 1120 4909 voce
1155 4841 1344 4935 Panyasis,
1373 4863 1411 4937 p.
1442 4837 1581 4932 8-143

270 4948 309 5021 id
327 4948 460 5023 ‚solum
492 4966 726 5046 annotantes,
748 4954 827 5027 viro
863 4952 973 5029 docto
1003 4971 1129 5031 natum
1164 4956 1279 5034 videri
1304 4973 1448 5058 poetam
1486 4962 1580 5035 circa
1709 4954 1727 4985 ⁹
