3866 5858
282 365 1604 417 ω

678 653 1194 795 PRAEFATIO.

850 1043 1014 1069 -οοωο-

274 1372 277 1379 »
323 1321 364 1388 ln
382 1315 454 1387 hoc
477 1327 616 1411 septem
640 1324 831 1408 poetarum
854 1330 1008 1404 corpore
1032 1305 1192 1377 Hesiodo
1215 1304 1451 1403 Apollonium
1467 1332 1508 1380 ac
1530 1311 1609 1381 Mu·

275 1465 387 1512 saeum
407 1436 683 1521 subiunximus,
700 1458 746 1504 ne
761 1431 987 1529 reliquorum
1005 1444 1182 1527 quatuor,
1200 1430 1264 1527 qui
1285 1429 1331 1500 de
1353 1429 1461 1503 rebus
1470 1434 1608 1506 Troicis

276 1582 518 1653 suntomnes,
541 1563 826 1657 interrumpatur
842 1555 945 1628 ordo.
976 1556 1126 1644 Critica,
1146 1578 1256 1651 quam
1269 1569 1419 1645 vocant,
1445 1555 1609 1630 adhibita

276 1705 352 1762 arte
367 1712 480 1760 novas
500 1684 636 1756 horum
658 1696 849 1754 auctorum
868 1678 1101 1750 recensiones
1118 1675 1317 1747 exhibendi
1331 1677 1483 1750 fortasse
1499 1704 1547 1751 ne
1559 1680 1610 1753 fa·

277 1813 391 1885 cultas
409 1809 561 1908 quidem
579 1807 724 1896 suisset,
743 1803 937 1876 consilium
961 1816 1058 1873 certe
1077 1824 1153 1871 non
1175 1815 1262 1871 erat.
1300 1799 1469 1897 Religiosi
1490 1818 1611 1877 autem

278 1936 427 2009 editoris
447 1957 525 2005 esse
539 1932 768 2029 putavimus,
796 1927 834 1998 in
858 1950 967 1997 usum
983 1949 1091 1995 suum
1110 1938 1339 2014 convertere,
1361 1925 1499 2021 siquid
1520 1925 1612 2000 boni

207 2062 210 2068 ’
278 2074 386 2157 atque
400 2055 584 2129 emendati
602 2054 765 2124 virorum
780 2051 974 2122 doctorum
992 2049 1067 2119 sive
1085 2047 1248 2144 ingenio,
1265 2049 1341 2119 sive
1356 2046 1478 2120 studio
1494 2075 1614 2149 nuper

280 2183 463 2255 detectum
486 2177 676 2251 invenerit.
708 2179 800 2263 Quae
816 2173 944 2245 messis
966 2172 1085 2270 poetis
1108 2170 1243 2242 nostris
1265 2169 1364 2241 haud
1382 2195 1512 2269 parcos
1530 2175 1613 2246 red·

280 2304 373 2376 didit
392 2304 544 2375 fructus.
587 2303 672 2387 Quo
693 2298 828 2369 lactum
849 2310 921 2385 est,
943 2309 984 2365 ut
1002 2318 1149 2383 omnes,
1178 2292 1249 2364 nisi
1275 2293 1367 2364 sorte
1382 2298 1532 2369 Tzetzen
1556 2323 1614 2370 ex·

282 2427 401 2525 cipere
417 2425 527 2514 velis,
545 2421 736 2521 permultis
753 2419 843 2491 locis
866 2417 1030 2506 correcti,
1052 2416 1186 2514 partim
1212 2439 1346 2488 novam
1367 2418 1474 2515 plane
1493 2419 1613 2495 induti

283 2551 459 2649 speeiem,
493 2549 530 2620 in
559 2547 678 2619 lucem
705 2542 902 2641 prodeant,
934 2539 1163 2639 plurimaque
1193 2538 1266 2610 dici
1290 2541 1451 2637 possint,
1479 2544 1615 2641 quibus

283 2646 422 2764 mullae,
455 2696 545 2771 quas
568 2670 789 2768 recepimus,
818 2665 993 2757 lectiones
1018 2663 1259 2761 explicentur,
1289 2664 1477 2737 nonnullae
1496 2667 1617 2742 delen·

281 2798 427 2885 dantur,
449 2808 666 2867 excusentur
682 2816 759 2863 non
776 2813 911 2888 paucae.
939 2790 990 2859 Ne
1010 2786 1130 2858 tamen
1148 2786 1314 2877 modum,
1334 2788 1399 2885 qui
1412 2789 1616 2886 praelationi

282 2919 456 2992 constitui
471 2918 578 3007 solet,
609 2931 858 3002 transeamus,
881 2910 926 2983 de
944 2910 1096 3007 singulis
1113 2909 1381 2982 mutationibus
1399 2911 1437 2982 in
1452 2913 1616 2988 editione

283 3060 408 3117 nostra
422 3042 540 3115 obviis
558 3041 673 3114 fusius
688 3039 863 3111 disserere
880 3033 1217 3133 supersedebimus,
1233 3060 1323 3133 quas
1345 3060 1391 3107 ne
1405 3061 1617 3114 enumerare

284 3167 433 3266 quidem
462 3165 600 3255 licebit,
633 3164 706 3236 nisi
736 3162 803 3234 ubi
831 3160 868 3232 id
894 3173 956 3231 aut
982 3159 1109 3257 paucis
1135 3157 1423 3247 absolvendum,
1451 3178 1515 3235 aut
1539 3165 1617 3238 sine

285 3315 416 3387 magno
437 3289 615 3361 lectorum
641 3301 851 3358 nostrorum
872 3281 1111 3355 incommodo
1139 3306 1215 3353 non
1242 3282 1454 3356 evitandum
1480 3287 1619 3361 iudica·

285 3413 455 3485 terimus.

322 3534 601 3627 Goettlingianus
614 3535 764 3600 llssronr
780 3544 897 3600 textus
911 3530 1175 3627 quinquaginta
1191 3529 1464 3605 emendationes
1479 3533 1618 3605 inThe·

288 3655 439 3750 ogonia,
459 3655 588 3751 viginti
602 3655 767 3751 quinque
786 3653 824 3723 in
851 3657 963 3724 Scuto
976 3654 1141 3727 Herculis
1167 3678 1187 3724 a
1213 3652 1322 3725 nobis
1347 3670 1507 3754 receptas
1521 3681 1619 3753 egre·

286 3779 352 3874 giae
369 3779 569 3850 Hermanni
592 3776 798 3849 recensioni
818 3775 873 3875 (in
891 3800 1038 3874 opuscc.
1074 3776 1145 3849 vol.
1169 3780 1227 3867 Vl,
1251 3801 1329 3875 pag.
1353 3782 1418 3865 ida
1440 3781 1536 3879 sqq.)
1554 3780 1618 3854 dc·

286 3901 357 3973 bet.
385 3905 508 3991 Quum
526 3901 572 3974 de
582 3901 702 4000 prisca
721 3899 938 3998 Theogoniae
958 3900 1075 3972 forma
1094 3901 1356 3999 hodiernaeque
1374 3903 1513 3997 origine
1526 3904 1619 3977 nibil

286 4041 428 4098 constet
441 4026 512 4124 (ι),
530 4051 655 4098 versus
678 4026 906 4123 longioresve
920 4025 1022 4097 locos
1046 4041 1302 4124 transponere,
1319 4027 1508 4124 quomodo
1533 4035 1620 4103 Her·

286 4171 442 4219 mannus
457 4147 519 4220 hic
535 4147 609 4219 illic
623 4147 829 4220 laciendum
846 4148 965 4239 docet,
980 4150 1058 4221 ausi
1071 4175 1146 4221 non
1160 4174 1300 4238 sumus,
1312 4149 1376 4222 sed
1388 4152 1474 4223 satis
1488 4151 1619 4226 habui·

287 4293 368 4342 mus
380 4272 485 4343 uncis
505 4269 707 4362 includere,
725 4296 822 4369 quae,
845 4298 920 4371 quo
942 4272 1024 4344 loco
1043 4271 1155 4345 hodie
1172 4274 1358 4371 leguntur,
1378 4278 1549 4353 carminis
1567 4294 1620 4352 te·

287 4419 414 4465 norem
431 4396 725 4494 interrumpunt,
742 4396 817 4466 sive
829 4395 1081 4493 dispositionis
1091 4378 1277 4469 ⁸hodierna
1293 4400 1526 4497 antiquioris,
1544 4403 1619 4477 sive

288 4518 465 4590 variarum
479 4519 751 4609 mensionum,
763 4519 838 4592 sive
851 4520 1176 4617 interpolationnm
1191 4521 1338 4617 vestigia
1353 4521 1436 4594 sint.
1452 4522 1560 4611 Quod
1572 4524 1619 4597 ad

324 4829 368 4909 (ι)
388 4832 568 4905 Miitzellius,
581 4853 667 4912 quem
689 4833 780 4893 bisin
794 4832 899 4892 studiis
913 4844 1006 4892 totum
1027 4852 1088 4893 esse
1110 4833 1165 4892 viri
1179 4833 1260 4893 docti
1275 4854 1334 4893 non
1353 4834 1508 4914 ignorant,
1519 4836 1550 4894 in
1566 4856 1617 4897 re-

286 4935 421 4995 censione
438 4936 540 5013 libelli,
553 4939 583 4997 in
598 4959 658 5019 quo
673 4938 839 5001 Soetbeerus
853 4938 972 5018 quidam
986 4959 1039 4998 sua
1053 4940 1238 5019 Gruppiique
1258 4941 1371 4999 somnia
1393 4939 1430 4999 de
1444 4941 1623 5022 primigenia,

286 5040 464 5121 Theogoniae
476 5046 573 5123 specie
586 5044 699 5125 publici
709 5045 787 5126 juris
805 5047 874 5105 lecit
888 5047 1067 5127 (Zimmerm.
1080 5046 1225 5126 ephemm.
1243 5068 1268 5107 a.
1288 5044 1376 5126 1838,
1389 5068 1468 5109 num.
1485 5068 1520 5109 ιο
1529 5049 1618 5131 sqq),

287 5145 452 5229 philologiae
467 5150 616 5212 hodiemae
630 5154 705 5213 vires
717 5153 882 5213 difficultati
895 5153 982 5213 huius
996 5153 1164 5233 questionis
1177 5174 1262 5234 pares
1277 5174 1339 5216 esse
1355 5169 1448 5235 negat.
