3790 5872
113 385 1675 520 WWWWWWWWWWWH

206 764 217 771 ··
395 643 1396 888 PANYASIDIS

620 1043 1170 1211 FRAGMENTA.

785 1298 1024 1333 -αο--ι

154 1540 226 1599 Post
238 1521 413 1607 Pisandrum
428 1530 512 1611 epica
526 1529 621 1608 poesis
631 1524 755 1603 jacuisse
763 1522 881 1581 videtur
925 1521 1137 1601 expellendum.
1151 1521 1263 1581 Hireris
1278 1520 1401 1580 Bodium
1425 1519 1510 1599 (Hist.
1536 1539 1616 1598 poes.
1638 1520 1690 1578 Gr.

113 1623 193 1702 apud
218 1624 351 1691 Graecos,
376 1618 538 1696 usquedum
562 1613 684 1674 victoria
706 1613 744 1671 de
767 1611 879 1678 Persis,
925 1611 981 1668 vol.
998 1630 1065 1688 r,p.
1078 1609 1157 1688 tou),
1166 1610 1227 1688 qui,
1237 1606 1403 1685 hujusmodi
1417 1607 1554 1667 indicium
1568 1619 1691 1677 secutus,

114 1739 128 1765 ι
142 1714 235 1771 lomes
248 1710 297 1768 ille
308 1707 488 1786 ingeniorum
498 1730 522 1775 ι,
541 1703 617 1760 hane
627 1719 745 1779 quoque
756 1699 879 1756 suscita-
925 1699 1067 1775 Panyasin
1090 1698 1238 1756 «Thurios
1257 1716 1357 1755 recens
1377 1696 1542 1754 conditam»
1571 1695 1691 1766 miserit,

114 1811 168 1858 ret.
185 1797 304 1857 Suidas:
320 1791 471 1865 Πανύασις,
483 1789 656 1869 Πολυάρχου,
667 1783 881 1866 Ἁλικαρνασεὺς,
926 1786 1033 1845 deinde
1059 1779 1221 1852 hominem,
1241 1783 1323 1861 cujus
1339 1795 1450 1843 aetatem
1463 1785 1539 1842 ultra
1554 1784 1694 1861 olympia-

113 1880 321 1966 τερατοσκόπος,
336 1880 382 1940 καλ
394 1877 505 1951 ποιητὴς
520 1879 604 1935 ἐπῶν·
619 1874 647 1941 δι
662 1873 815 1932 σθιοθιῖσιιν
832 1870 881 1944 τὴν
926 1873 992 1932 dem
1010 1875 1048 1932 83
1063 1873 1252 1951 produxerit,
1266 1873 1392 1961 occisum
1409 1883 1508 1930 narret
1524 1870 1562 1930 ab
1577 1872 1693 1949 Lygda-

115 1969 258 2042 νιοιητικὴν
274 1967 434 2045 ἐπανήγαγε.
453 1968 546 2044 Δοῦρις
560 1962 589 2022 dl
606 1960 745 2039 Διοκλέους
757 1982 786 2018 τι
799 1959 882 2017 παῖδα
926 1962 1018 2020 mide:
1028 1980 1114 2038 quam
1128 1961 1235 2019 offlam
1246 1959 1430 2021 oblitteras
1443 1960 1526 2037 (Dor.
1540 1960 1596 2017 vol.
1608 1961 1651 2032 ll,
1663 1979 1693 2037 p.

114 2056 265 2139 ἀνίγροψι,
278 2055 324 2115 κοιλ
338 2050 563 2132 {ipsos-iudae
582 2047 688 2128 δδ(οιιι.
703 2047 798 2106 codex
810 2048 884 2105 Gro·
929 2051 997 2126 471)
1020 2049 1123 2107 iactam
1148 2048 1247 2105 statuit
1271 2048 1380 2124 olymp.
1405 2049 1443 2119 78
1465 2047 1525 2105 sere
1554 2059 1693 2120 exeunte,

114 2145 210 2223 novii)
232 2142 278 2202 καλ
299 2139 439 2223 Ἧροδότος
459 2134 583 2219 θούριον.
602 2133 751 2218 Ἱοιδρητοιι
774 2131 803 2192 tt
823 2136 884 2193 Ποι·
927 2136 1490 2207 (ΙΙίσιοιιυοδοοκειιυιε,υ.457;οιιιιιιε
1502 2136 1693 2194 Thuriensem

114 2230 208 2297 νύασις
218 2227 558 2310 Ἡρόδοιουιοῦὶοτορικοῢ
569 2221 714 2303 δξοίδιλρος.
726 2219 822 2298 Γέγονε
831 2218 884 2301 γὰρ
928 2223 1069 2282 coloniam
1084 2222 1222 2281 accidisse
1237 2221 1300 2279 illos
1318 2233 1413 2279 motus
1432 2221 1636 2295 halicarnassi,
1648 2223 1694 2281 lo-

116 2315 257 2383 Ποινύοσις
271 2313 439 2396 Πολυάρχου·
454 2311 509 2371 ὁδὶ
526 2308 665 2393 Ἡρόδοτοι
681 2308 767 2377 Λύξου
783 2307 884 2387 (Ξύλου
928 2323 1055 2388 quuntur
1063 2310 1167 2368 omnia.
1176 2309 1351 2379 Qualisvero
1361 2308 1619 2386 lueritPanyasidis
1630 2329 1695 2369 curn

116 2406 184 2464 cod.
201 2404 305 2467 Groui
324 2408 371 2461 τοῦ
391 2399 551 2481 Πολυάρχου
568 2399 690 2480 ἀδιλροῢ.
710 2395 788 2462 Τινλς
806 2394 835 2454 δὲ
854 2396 884 2453 ot
928 2397 1075 2456 Herodoto
1082 2398 1230 2475 coguatio,
1243 2395 1360 2455 difficile
1367 2396 1554 2474 estquaesituz
1566 2409 1697 2474 tempora

116 2490 218 2566 Αύξην,
239 2488 308 2549 ἀλλὰ
333 2487 413 2550 Ῥοιὼ
440 2489 481 2567 (in
509 2506 581 2545 voce
604 2484 744 2565 Ἡρόδοτοι
764 2496 886 2542 vocatur
928 2484 1065 2557 suadent,
1080 2496 1114 2544 ut
1135 2484 1278 2559 Panyasis
1298 2482 1470 2542 avunculum
1490 2483 1586 2560 potius
1609 2502 1695 2561 ιριιιιιιι

116 2578 220 2658 spuo),
233 2575 282 2650 τὴν
301 2575 403 2657 μητέρα
414 2572 568 2657 Ἡροδότου,
591 2570 757 2638 Πανυάσιδος
770 2568 884 2653 ἀδελφὴν
929 2573 1089 2651 patruelem
1103 2572 1240 2631 Herodoti
1257 2571 1344 2629 luisse
1363 2570 1621 2648 credamussquod
1641 2570 1695 2628 de-

115 2664 271 2747 ίοκδρησοιν.
294 2662 329 2725 ‘0
354 2661 383 2722 dl
403 2659 537 2729 Πανύασις
560 2658 652 2739 γίγονι
678 2657 749 2717 κατὰ
772 2655 821 2730 τὴν
842 2655 885 2730 οη’
929 2672 1091 2719 monstrare
1104 2671 1281 2718 consuisset
1294 2658 1409 2717 Naekius
1424 2658 1461 2716 de
1475 2658 1598 2717 Cboerilo
1612 2679 1642 2737 p.
1660 2670 1694 2730 aq

114 2750 284 2830 ὀλυμπιάδα·
301 2750 371 2811 κατὰ
386 2749 415 2809 δι’
434 2772 520 2824 τινας,
534 2749 625 2828 πολλῷ
639 2744 825 2829 πρισὸιλτιρος·
837 2745 883 2805 καὶ
929 2767 991 2826 sqq.
1017 2747 1160 2807 Eusebius
1174 2747 1230 2827 (ed.
1242 2751 1318 2823 Aug.
1332 2745 1390 2804 itai
1409 2764 1438 2822 p.
1454 2744 1523 2824 337)
1537 2746 1575 2804 ad
1587 2766 1695 2806 annunt

113 2838 165 2920 γὰρ
178 2831 217 2911 ἦν
232 2840 332 2918 (vulgo
343 2836 433 2918 γέγονε
446 2834 507 2919 γὰρ)
525 2835 568 2895 ἐπὶ
585 2838 638 2894 τῶν
651 2837 799 2916 Περσικῶν.
811 2834 886 2913 aq·
930 2844 947 2905 t,
962 2835 1136 2915 olympiadis
1155 2855 1203 2908 yn,
1221 2841 1289 2909 490,
1306 2830 1357 2911 qui
1369 2845 1485 2892 secutus
1496 2838 1540 2891 est
1552 2834 1701 2893 Maratho-

114 2926 174 3008 ρι’θη
189 2924 222 2986 dl
243 2925 294 2985 tet
317 2923 485 3004 Λυγδάμιδος
504 2928 551 2983 τοῦ
572 2921 661 3003 τρίτου
678 2921 885 3004 τυραννήσαντος
928 2925 984 2983 niae
997 2922 1697 3003 pugnaeannum,haecascripsit2Panyasispoeta

112 3011 373 3094 Ἁλικαρνοισοῧ.Ἐν
386 3007 884 3090 δὶσοιητοιῖςτάιτιταιμιθ’“ομηρον·
928 3010 1048 3069 habetur
1065 3014 1191 3083 illustris,
1223 3022 1257 3069 ut
1279 3010 1365 3068 vertit
1389 3011 1593 3085 Hieronymus.
1613 3009 1696 3068 (loni

113 3102 183 3163 κατὰ
214 3102 243 3162 δι’
267 3125 341 3170 τινος
364 3102 410 3161 κοιλ
435 3101 492 3181 pai’
516 3099 638 3160 Ἡσίοδον
658 3098 703 3159 καὶ
720 3098 885 3179 Ἀντίμαχον.
929 3100 1054 3158 Clinton.
1069 3101 1214 3159 Fastlltt.
1230 3099 1266 3156 ad
1281 3117 1388 3156 annum
1401 3098 1468 3173 489.
1484 3095 1627 3156 Eusebius
1648 3116 1697 3156 se-

113 3187 242 3273 Ἔγραψι
255 3188 284 3248 δὲ
299 3188 345 3249 καὶ
367 3197 436 3260 (orn.
453 3189 519 3247 cod.
534 3186 640 3265 Gronl
657 3186 836 3268 Ἦρακλειάδοι
858 3190 886 3246 ἐν
929 3199 1012 3246 cutus
1023 3198 1066 3246 est
1077 3187 1142 3245 illos
1156 3185 1233 3263 apud
1247 3185 1381 3258 Suidam,
1393 3186 1443 3263 qui
1452 3186 1595 3262 Panyasin
1606 3184 1699 3265 πολλῷ

114 3276 222 3356 iiiios:
234 3275 266 3334 ιδ’
278 3277 332 3353 (sic
347 3276 434 3334 etiam
448 3275 577 3335 Eudocia
593 3294 623 3351 p.
637 3275 692 3346 357
707 3295 715 3331 ι
729 3274 814 3333 codd.
828 3274 886 3332 duo
929 3272 1104 3357 πριοὸιλιιρον
1115 3273 1280 3351 olympiade
1293 3275 1330 3346 78
1340 3272 1445 3332 dulsos
1458 3274 1597 3353 Περσικῶν
1608 3273 1697 3330 rixis-

113 3362 147 3442 δ’)
157 3367 200 3430 εἰς
210 3361 261 3434 ἔπη
274 3358 320 3443 ρ’,
340 3363 409 3441 [καὶ]
421 3360 526 3421 Ἰωνικὰ
538 3361 566 3418 ἐν
583 3359 756 3441 πιντοιριίτριρ
772 3358 840 3439 (ἔστι
859 3359 887 3418 δὲ
930 3381 961 3420 se
980 3373 1158 3432 statuerunt3
1172 3379 1236 3437 quaa
1248 3360 1296 3418 hic
1312 3372 1342 3420 et
1366 3361 1397 3418 in
1413 3360 1539 3419 Choerilo
1557 3360 1594 3418 de
1607 3361 1698 3418 Hara-

113 3449 148 3509 rd
162 3449 230 3532 πιρλ
237 3448 337 3532 Κόδρον
346 3448 393 3508 κοιλ
405 3447 498 3521 Νηλέα
507 3444 614 3514 καλιὰς
626 3444 745 3515 Ἰωνικὸς
754 3446 884 3524 ἀποικίας)
930 3448 1053 3507 tlionicis
1065 3445 1243 3524 temporibus
1254 3460 1331 3505 recte
1340 3448 1452 3526 accepit
1463 3447 1697 3524 Naeuusotym-

115 3539 151 3605 ιίι
165 3537 222 3609 ἔπη
236 3535 274 3616 ,il
930 3535 1045 3615 piadem
1063 3536 1110 3608 78,
1126 3534 1247 3592 sortasse
1267 3534 1304 3592 de
1324 3536 1395 3593 flore
1414 3547 1506 3612 poetae
1520 3533 1644 3608 domm,
1660 3536 1698 3594 de

157 3627 232 3696 Quae
245 3625 280 3683 de
291 3622 733 3702 genereetaetatepoetaeaSuida
750 3620 887 3685 scribun—
930 3622 1174 3682 adolescentiavel
1183 3621 1339 3699 juveutute
1348 3623 1457 3700 cepisse
1467 3622 1698 3695 videturSuidas,

121 3727 178 3784 tur,
192 3714 270 3771 inter
289 3731 319 3768 se
338 3711 424 3770 valde
441 3710 615 3787 discrepant.
626 3709 818 3785 Polyarchum
833 3728 888 3787 pa·
931 3711 981 3788 qui
996 3709 1128 3787 subjiciat
1138 3711 1229 3790 πολλῷ
1242 3707 1427 3791 πρισδύτιρος.
1440 3708 1496 3768 Sed
1509 3709 1565 3767 hoc
1578 3729 1698 3788 prorsus
1753 3696 1764 3715 ¹

120 3811 193 3859 trem
205 3799 429 3876 agnoscitetiam
438 3797 644 3868 PausaniasX,
655 3798 717 3871 8,5.
732 3798 775 3856 De
786 3796 888 3856 Diocle
930 3799 1050 3857 diluitur
1069 3799 1235 3857 narratione
1256 3798 1292 3857 de
1304 3798 1405 3856 mortis
1427 3816 1549 3874 genere,
1572 3817 1637 3875 quae
1656 3810 1698 3857 te-

119 3887 192 3951 nihil
207 3885 278 3945 alibi
291 3885 422 3945 traditur.
437 3885 518 3956 Hoc,
532 3885 563 3942 ni
583 3884 677 3957 fallor,
688 3884 780 3942 voluit
789 3903 887 3961 gram·
930 3905 1009 3945 mere
1018 3884 1088 3963 fingi
1103 3905 1163 3943 non
1177 3887 1281 3964 potuit
1305 3884 1351 3946 ub
1366 3885 1469 3943 eodem
1484 3885 1571 3943 Suida
1585 3906 1697 3965 τιριιτο-

120 3975 255 4046 matious‚
270 3993 286 4031 a
300 3971 411 4032 Doride
436 3972 565 4032 Samium
576 3971 715 4050 appellari
735 3971 888 4048 Panyasin,
930 3971 1028 4032 σκότιον
1041 3971 1208 4045 credibilius
1219 3986 1263 4032 est
1272 3985 1408 4031 vocatum
1418 3991 1481 4030 esse
1492 3983 1618 4048 poetam,
1630 3971 1699 4049 quia

119 4063 222 4122 eodem
237 4061 325 4120 modo
338 4081 397 4139 quo
413 4060 603 4121 Herodotusa
616 4059 779 4131 nonnullis,
793 4060 836 4117 vel
851 4057 887 4116 ab
931 4058 1165 4119 confundebatur
1189 4080 1255 4119 oum
1279 4060 1369 4118 altero
1388 4058 1549 4134 Panyaside
1572 4057 1699 4118 Halicar-

119 4148 185 4226 ipso
196 4150 322 4221 Doride,
334 4160 453 4207 vocetm
463 4147 605 4215 Thuriusa
615 4147 752 4206 videlicet
764 4146 807 4205 ibi
820 4147 888 4205 satis
930 4148 1068 4219 nassensi,
1082 4167 1169 4225 quam
1183 4146 1222 4206 ob
1237 4166 1341 4205 munus
1357 4146 1476 4224 aliquod
1500 4145 1697 4205 sacerdotale:

120 4235 171 4293 diu
184 4247 386 4294 commoratus.
402 4237 474 4295 Nam
496 4231 636 4314 Ἡρόδοτον
650 4234 804 4313 legendum
821 4254 888 4292 curu
930 4235 1148 4296 namcelebrior
1156 4235 1330 4294 emthorurn
1337 4235 1559 4312 compilatorum
1567 4246 1698 4311 tempore

123 4322 326 4399 Wesselingio,
339 4322 421 4398 cujus
437 4321 517 4380 vocis
538 4322 660 4379 mutatio
688 4334 810 4400 apparet
838 4322 889 4380 tali
931 4324 1074 4402 interpres
1092 4323 1280 4383 somniorum.
1291 4322 1471 4399 Hesychius:
1485 4317 1697 4404 Τιροιοσκδιιοι,

122 4407 187 4469 loco
197 4423 337 4488 quantum
347 4409 474 4468 fueritin
484 4409 618 4488 proclivi,
630 4421 659 4467 et
675 4408 704 4468 di
714 4430 780 4469 cum
789 4409 889 4468 codice
930 4408 1111 4490 ὀνιιροκρίτοι.

145 4622 285 4696 Panyasis,
301 4631 429 4695 Polyarchi
438 4631 517 4693 itlius,
530 4631 753 4688 Halicamasseusis.
767 4632 886 4696 prodigio
928 4633 1187 4697 piadeseptuageslma
1198 4635 1304 4684 crura:
1319 4632 1455 4683 amandum
1471 4631 1530 4682 alios
1541 4631 1619 4682 multo
1635 4632 1695 4682 anti-

123 4712 177 4749 rum
187 4701 303 4765 lutcrpres
313 4736 321 4762 ,
332 4705 357 4751 et
370 4703 441 4765 poeta
455 4699 583 4763 heroicus5
596 4702 640 4765 qui
650 4696 734 4766 poesin
742 4702 885 4753 exstinctam
928 4702 1000 4766 quior
1009 4703 1069 4765 suit,
1081 4704 1173 4754 vixisse
1181 4703 1248 4755 enim
1256 4707 1364 4767 tempore
1374 4701 1430 4752 belli
1440 4701 1540 4755 Persici.
1547 4701 1648 4752 Occisus
1658 4707 1696 4752 est

123 4769 149 4817 in
172 4771 248 4821 vium
265 4771 398 4822 revocarit.
412 4770 485 4821 Duris
501 4772 625 4821 memoriae
640 4771 747 4835 prodidit
758 4785 814 4821 sum
829 4772 886 4823 tuis·
929 4773 1208 4837 auumaLygdamide,
1223 4773 1293 4823 tertio
1310 4772 1469 4823 Halicarnaso!
1493 4775 1607 4835 manno.
1630 4774 1696 4821 inter

123 4851 151 4888 se
159 4840 250 4890 Dioclis
269 4841 355 4903 fliium,
365 4844 390 4890 et
405 4842 531 4902 Samium
551 4842 661 4893 similiter
679 4841 816 4893 iiuodotus
830 4842 885 4906 [aaa
928 4845 1012 4905 poetas
1023 4842 1147 4893 secundus
1157 4843 1180 4893 ei
1190 4845 1246 4905 post
1260 4844 1392 4893 Honserum
1408 4841 1476 4892 locus
1492 4841 1607 4891 tribuitur
1619 4856 1625 4888 ι
1637 4854 1695 4890 ιιυιι·

124 4910 378 4974 atqueuemdotumr]
390 4911 636 4963 Tituriumtraditur
646 4913 761 4976 Panyasis
771 4913 886 4964 Herodoti
929 4911 1475 4975 nultpostusstooumetiametsnumouum
1483 4909 1695 4975 ponuntsorlpsit

125 4974 235 5028 historici
247 4980 361 5042 patruelis
371 4980 454 5030 inisse.
468 4983 526 5031 Fuit
540 4981 612 5035 enim.
625 4981 741 5044 Panyasis
759 4981 886 5045 Polyarchi
928 4985 954 5032 et
966 4982 1116 5045 iiuaduda,
1127 4983 1195 5034 tibris
1206 4981 1409 5045 quattuordecim,
1421 4981 1532 5033 versibus
1541 4981 1637 5031 circiter
1652 4992 1694 5028 no·

125 5044 207 5109 uuus,
220 5050 359 5101 Herodotus
370 5051 666 5114 vero,1.ysi,Polyarclil
684 5052 771 5102 fratria
782 5053 886 5112 Quidam
929 5051 981 5102 v‘ses
1000 5052 1077 5114 mille3
1101 5056 1127 5105 et
1143 5053 1225 5104 Ionica
1245 5052 1352 5102 carmine
1375 5052 1479 5115 elegiaco
1501 5052 1588 5115 (agitiu
1612 5052 1693 5099 autem

125 5125 184 5164 sero
192 5118 490 5183 nonLyren,sed1th‹eo,
502 5119 616 5170 Hmodoti
626 5124 736 5183 murem,
746 5122 886 5185 Panyasidts
929 5121 954 5171 iu
965 5135 994 5172 eo
1011 5124 1122 5186 poouate
1132 5122 1162 5174 do
1173 5121 1254 5175 codro
1264 5126 1290 5174 et
1299 5123 1372 5175 Nelos
1380 5126 1406 5175 et
1415 5122 1517 5173 coloniis
1528 5119 1625 5183 ionicis)
1635 5132 1688 5171 νοι-

126 5194 234 5251 tutorem
248 5189 325 5241 lause
339 5190 476 5241 narrarunt.
494 5189 563 5241 visit
576 5193 658 5241 autem
671 5192 789 5256 Panyasis
803 5192 886 5255 olym·
929 5191 998 5244 sibus
1008 5192 1104 5245 dreiter
1115 5195 1203 5259 septies
1217 5192 1290 5244 nnuc.
