3790 5872
182 363 200 413 o
732 348 918 411 risiuoui
937 349 1186 411 FRAGMENTA.

240 484 341 544 Toeto
351 479 375 541 δ’
384 478 462 541 αὐτὸν
476 478 597 559 ὃδᾶριος,
610 478 647 546 ὡς
656 475 720 560 cdp'
729 477 809 558 εἰδῇς,
988 481 1192 559 compilatore,
1208 481 1259 559 qui
1274 481 1352 559 apud
1365 482 1540 560 flesycbinm
1557 485 1680 547 fortasse
1690 490 1746 548 ilr-

156 574 160 577 “
241 586 331 649 imai
345 585 451 662 ρνθάδε,
463 583 576 666 χάλκεον
588 580 693 656 ποήσας
985 567 1085 629 lesiutu
1101 570 1208 648 legeret
1218 570 1339 650 viperinis
1352 568 1468 629 illorum
1475 570 1620 651 θεογαμίων
1631 576 1747 635 initium

238 693 347 758 mm
357 690 438 770 μασι,
450 687 541 749 mg,
556 689 712 760 ,mm
986 655 1073 715 fuisse
1094 655 1182 739 Ἥρας
1202 656 1248 758 {tol
1267 653 1329 758 dds
1349 655 1458 760 ρᾶμονε
1478 681 1544 718 nam
1570 662 1746 724 vocabulum

985 743 1097 823 ἡρωϊνός
1122 744 1242 803 fortuito
1264 744 1450 805 librariorum
1476 767 1619 807 consensu
1640 750 1748 812 abiisse

220 830 307 903 Quod
321 830 358 888 de
376 827 462 893 ἄθλοις
477 826 649 903 significavit
661 825 849 897 Theocritus,
866 844 941 902 prae-
985 831 1131 891 invocem
1147 833 1307 891 inauditam
1323 835 1388 911 quis
1401 835 1524 894 credat?
1542 837 1638 907 (side
1650 838 1750 918 dispu-

179 918 295 997 cipuam
310 928 422 994 partem
437 932 488 973 eos
504 912 593 970 fuisse
612 931 733 989 poeseos
747 911 897 982 Pisandri,
911 913 942 971 id
985 919 1222 997 tataablleynio,
1234 921 1365 979 Excursu
1378 922 1748 1002 iiniirg.AEn.ii,p.316

181 1005 342 1082 fragmenta
362 1001 500 1059 ridentur
524 1000 702 1057 confirmare.
723 996 808 1058 conf.
828 997 941 1057 tioiier.
985 1024 1029 1084 sq,
1041 1007 1087 1067 ed,
1099 1006 1201 1086 paris.)
1219 1007 1369 1068 macrobio
1384 1010 1636 1069 accedjizosimus
1654 1015 1748 1085 testis,

181 1090 403 1166 oor.v01.1‚p.
419 1083 941 1164 inclinaturus(itor.p.ss7,s)‚
985 1092 1141 1160 maioni,
1159 1113 1217 1169 29:
1233 1093 1746 1179 ...ὁποιηῆςΠιίοανδροςδι-ῇτῶν
1777 1156 1783 1171 ,

180 1178 354 1239 Pisandrum
368 1176 445 1234 inter
455 1174 590 1251 antiquos
604 1173 759 1251 scriptores
771 1192 866 1231 rerum
874 1175 943 1231 ller-
986 1175 1124 1259 Ἡρωῐχῶν
1135 1179 1433 1266 &agapinum-‘9425
1444 1192 1532 1244 „am
1542 1186 1579 1252 ὣς
1587 1187 1748 1248 ,tanim

180 1267 253 1325 culis
267 1276 429 1330 memorat,
453 1281 577 1340 quornm
595 1260 692 1319 nullus
709 1260 823 1340 noverit
836 1261 944 1320 llercu·
987 1262 1044 1345 ρίαν
1058 1264 1285 1348 παραλαμὸἄνων.

180 1357 238 1416 lem
252 1355 426 1434 AEgyptium.
1023 1354 1132 1412 Verum
1144 1374 1203 1412 non
1219 1353 1355 1413 morabor
1365 1355 1503 1415 lectorem
1514 1358 1684 1417 enarrandis
1693 1359 1747 1419 dil·

220 1447 292 1516 Quae
305 1443 341 1501 de
353 1439 528 1501 carminibus
542 1438 614 1499 salso
628 1438 664 1498 ad
680 1437 852 1499 Pisandrum
867 1438 943 1497 rela-
985 1437 1176 1513 liminibus,
1198 1443 1244 1501 rel
1258 1444 1373 1519 lleynio
1388 1440 1659 1521 inexplicabilibus,
1676 1447 1746 1524 qui-

158 1576 163 1584 ·
181 1532 216 1592 tis
229 1530 334 1591 Snidas
345 1529 435 1588 verba
452 1528 541 1598 iacit,
556 1526 709 1584 ostendere
728 1525 866 1585 ridentur
882 1545 942 1583 non
986 1525 1040 1584 bos
1051 1528 1100 1586 illa
1114 1528 1151 1586 de
1168 1528 1315 1588 Pisandris
1330 1532 1452 1607 questio
1466 1531 1668 1608 premebatur,
1689 1554 1747 1593 aa·

179 1620 267 1679 luisse
279 1636 390 1697 pauca,
404 1613 576 1695 primumn&
589 1612 618 1673 bi
630 1612 699 1671 ἄλλα
712 1615 765 1671 τῶν
775 1610 941 1691 ποιημάτιον,
985 1626 1101 1693 tequam
1114 1616 1281 1675 Welckerus
1297 1616 1450 1694 (decyclo
1467 1619 1552 1695 epico
1572 1639 1603 1697 p.
1620 1641 1657 1696 97
1670 1601 1754 1702 “iil

179 1728 239 1766 non
263 1708 321 1765 boc
345 1707 392 1765 rel
416 1705 514 1776 illud3
541 1703 665 1776 deiude,
690 1698 818 1780 γενόμινοι
842 1702 894 1761 ὑπό
912 1726 942 1761 τε
985 1704 1094 1763 exitum
1106 1724 1142 1761 ex
1154 1704 1211 1763 illis
1229 1702 1399 1782 ambagibus
1412 1718 1606 1764 monstraret:
1624 1710 1748 1768 cniriro

176 1796 265 1855 dibus
278 1794 324 1855 sal
334 1791 480 1876 Ἀριστέως,
496 1811 554 1850 nou
567 1792 668 1860 unius,
683 1789 733 1849 sed
746 1791 882 1869 plurium.
905 1793 942 1851 Et
985 1793 1220 1868 prestantissimo
1232 1805 1265 1850 ut
1278 1813 1332 1870 per
1344 1793 1441 1851 omnia
1454 1795 1655 1869 assentiamur,
1678 1794 1750 1856 facit

179 1897 334 1965 supersunt
348 1885 508 1962 fragmenta
524 1902 589 1960 quse
606 1881 643 1941 ad
655 1881 822 1939 Heracleam
839 1880 941 1940 referri
984 1891 1014 1937 et
1032 1879 1074 1937 rei
1091 1892 1214 1953 natura,
1231 1893 1260 1938 et
1275 1880 1505 1940 testimoniorum
1521 1883 1566 1940 vis
1580 1897 1658 1942 recte
1670 1886 1747 1944 msti-

179 1986 346 2054 nequeunt;
362 1984 494 2051 superest
509 1968 707 2029 memorabilis
724 1970 805 2027 locus
823 1970 940 2028 Macro·
986 1980 1079 2045 mata,
1095 1978 1123 2025 et
1142 1969 1198 2026 alia
1221 1968 1251 2025 in
1273 1968 1336 2026 istis
1355 1967 1473 2042 riveriis,
1489 1969 1568 2029 unde
1589 1972 1747 2031 multorum

178 2062 239 2136 bii,
255 2062 347 2120 multo
361 2061 446 2118 etiam
466 2058 555 2137 magis
576 2058 669 2116 aliena
683 2056 720 2115 ab
740 2057 791 2115 illo
808 2070 941 2135 poemate
985 2055 1159 2132 scriptorum
1175 2055 1302 2133 cognitio
1316 2055 1402 2114 nobis
1415 2056 1575 2116 haurienda
1587 2072 1645 2133 est,
1659 2060 1744 2119 simili

179 2169 300 2208 narrans
315 2149 440 2226 (Satura.
448 2149 483 2219 V,
497 2166 525 2218 a,
540 2166 570 2225 p.
582 2147 631 2223 62)
645 2167 652 2203 ε
666 2170 679 2196 ι
694 2145 941 2204 Dicturumnerne
985 2142 1072 2200 modo
1084 2144 1206 2215 inverso,
1216 2145 1555 2220 contaminata,consusa.
1562 2149 1667 2209 Paucis
1679 2168 1744 2229 quar

179 2237 287 2315 putatis
303 2255 416 2313 eaquae
434 2234 524 2311 vulgo
541 2245 610 2291 nota
630 2234 718 2292 sunt?
740 2232 819 2310 quod
840 2233 941 2291 Theo·
984 2231 1034 2291 ille
1045 2233 1180 2310 exposuit
1201 2234 1430 2312 complectimur.

178 2326 287 2383 critum
300 2322 459 2402 (Virgiliusl
478 2321 534 2380 sibi
559 2322 660 2380 lecerit
674 2321 826 2399 pastoralis
842 2321 941 2398 operis
1025 2320 1141 2377 Veteres
1152 2320 1245 2379 critici
1260 2340 1296 2379 ex
1316 2321 1509 2395 carminibus,
1529 2342 1594 2401 quse
1614 2323 1747 2384 Pisandri

178 2414 353 2472 auctorem?
365 2453 453 2471 .....
467 2411 511 2469 vel
535 2409 614 2489 quod
636 2410 814 2468 eversionem
834 2409 940 2488 Troiae,
983 2408 1100 2465 nomino
1114 2406 1473 2482 ferebantur‚llcracleam
1485 2411 1575 2470 solam
1586 2410 1749 2472 Carnirensi

178 2501 356 2562 eumSinone
367 2519 420 2557 suo
431 2511 460 2558 et
473 2518 550 2577 equo
561 2498 667 2575 ligneo,
676 2498 836 2575 ceterisque
849 2499 942 2557 omni-
985 2494 1152 2554 tribuebant
1163 2516 1171 2567 ;
1196 2497 1306 2574 reliqua
1319 2514 1375 2575 pro
1392 2500 1499 2577 spuriis
1515 2499 1681 2559 habebant:
1695 2501 1750 2560 sed

178 2588 233 2652 bus
262 2608 328 2667 quar
345 2586 452 2645 librum
478 2584 637 2645 secundum
660 2584 783 2657 faciunt,
798 2605 818 2641 a
836 2589 942 2646 Pisan-
984 2603 1043 2641 non
1059 2603 1149 2662 pauca
1165 2584 1354 2644 inveniuntur
1373 2590 1452 2665 apud
1473 2589 1676 2666 grammaticos
1695 2588 1751 2648 do-

176 2679 229 2733 dm
237 2696 325 2753 poene
337 2678 379 2732 od
391 2676 502 2732 verbum
515 2675 746 2748 manumissent?
765 2674 816 2749 qui
829 2672 942 2749 (Pisan
984 2684 1046 2730 ctos
1057 2684 1088 2729 et
1100 2671 1266 2730 recentibus
1277 2672 1360 2732 libris
1372 2675 1489 2735 minime
1499 2688 1613 2735 utentes
1622 2696 1750 2736 comme·

177 2763 241 2841 der)
264 2765 342 2823 inter
352 2765 469 2823 Graecos
482 2773 584 2840 poetas
600 2761 707 2820 eminet
724 2781 813 2839 opere
831 2762 940 2838 quoda
984 2772 1095 2818 morata
1109 2780 1145 2818 ex
1164 2761 1305 2819 Pisandro
1320 2761 1426 2840 quibus
1441 2763 1522 2823 locus
1545 2784 1608 2823 esse
1622 2783 1683 2822 non
1694 2784 1750 2843 po-

176 2854 287 2931 nuptiis
305 2852 388 2913 loris
414 2864 443 2910 et
463 2850 588 2910 lunonis
612 2849 770 2926 incipiens,
791 2830 940 2910 univeisas
985 2859 1060 2905 terat
1073 2848 1103 2905 in
1113 2848 1271 2921 Heraclea,
1288 2850 1400 2908 accedit
1415 2871 1490 2929 opus
1504 2851 1542 2911 ab
1553 2850 1706 2910 Macrobio
1718 2864 1749 2911 et

175 2939 332 3010 historias,
355 2959 419 3018 quas
439 2937 543 2997 mediis
563 2937 699 2995 omnibus
722 2936 834 2996 seculis
851 2958 941 3014 usqne
983 2936 1101 2993 Zosimo
1121 2934 1313 3014 delineatum,
1339 2958 1376 2996 ue
1389 2938 1482 3016 ipsum
1498 2940 1615 3018 quidem
1636 2960 1747 3013 recens,

174 3032 218 3086 ad
227 3042 341 3087 etatem
354 3032 444 3104 r'psr'm
456 3028 593 3084 Pr'sandn'
604 3026 797 3103 contigerunt,
812 3026 842 3084 in
854 3047 940 3087 unam
984 3036 1085 3101 utpote
1110 3024 1223 3103 Virgilii
1247 3026 1402 3104 exemplar.
1428 3028 1491 3085 lloc
1510 3047 1584 3105 opus
1606 3024 1747 3108 Ἠρωῑοιῶν

176 3120 280 3178 seriem
294 3131 409 3177 coaotas
425 3117 584 3195 redegerit,
606 3128 636 3174 et
656 3136 745 3175 unum
763 3136 801 3176 ex
821 3117 940 3179 dirersis
983 3108 1141 3189 θεογαμίων
1168 3130 1226 3168 ooo
1254 3125 1371 3189 poterat
1389 3132 1451 3171 esse
1462 3114 1651 3172 larendensis
1664 3114 1748 3173 istius

178 3204 307 3269 hiatibus
327 3218 493 3289 temporum
516 3223 623 3281 corpus
648 3205 803 3263 effecerit?
826 3207 857 3265 in
880 3226 940 3285 quo
984 3198 1128 3272 Pisandri,
1151 3197 1316 3258 Alexandro
1333 3202 1443 3260 Severo
1456 3203 1589 3279 equalis:
1604 3220 1671 3260 nam
1681 3221 1748 3280 per-

178 3314 268 3372 opere
290 3295 367 3352 inter
384 3292 521 3351 historias
543 3305 652 3351 ceteras
669 3293 803 3351 interitus
822 3313 940 3372 quoque
983 3293 1091 3371 scripta
1104 3293 1147 3352 ibi
1164 3307 1248 3352 erant
1262 3314 1352 3373 squae
1366 3315 1453 3372 usque
1470 3299 1513 3353 ad
1523 3310 1639 3354 oetatem
1657 3300 1759 3373 ipsias·

177 3380 274 3459 Trojre
288 3382 317 3439 in
335 3381 413 3439 hunc
424 3379 541 3437 modum
557 3379 664 3439 relatus
678 3393 753 3438 est.»
769 3380 821 3439 iiia
834 3381 870 3440 de
882 3402 941 3441 car·
982 3384 1122 3439 Pisanus
1146 3383 1330 3460 contigerunt
1341 3404 1350 3453 ;
1361 3407 1374 3434 ι
1399 3383 1460 3441 baec
1480 3381 1567 3442 rerba
1586 3397 1616 3442 ct
1628 3384 1747 3443 »erroris

178 3469 255 3529 mine
269 3468 402 3528 Pisandri
420 3487 461 3525 «a
476 3466 560 3526 iovis
579 3479 608 3525 et
624 3467 746 3526 lunonis
761 3469 871 3546 nuptiis
891 3469 939 3529 iu·
983 3468 1175 3549 suspicionem
1198 3473 1313 3527 omnem
1327 3483 1477 3529 removent
1496 3470 1701 3541 macrobio,
1718 3483 1748 3530 et

177 3555 328 3634 cipientss
341 3556 402 3614 haec
415 3555 511 3615 Suidoe
521 3554 670 3632 appellant
685 3554 722 3612 de
733 3555 826 3614 altero
836 3558 939 3616 Pisan-
982 3555 1205 3632 explicationem
1237 3556 1391 3637 porrigunt
1430 3557 1473 3617 rei
1505 3559 1666 3636 permirae:
1695 3556 1749 3637 qui

177 3643 341 3702 drodictae
354 3640 530 3723 Πείσανδρος,
544 3639 675 3721 Νίοτορος
688 3647 735 3701 τοῦ
750 3648 861 3714 ποιητοῦ
876 3644 939 3719 υἱὸς,
983 3642 1090 3704 sactum
1123 3643 1161 3702 sit
1193 3656 1225 3702 ut
1254 3643 1414 3718 Pisander,
1452 3664 1538 3723 quem
1574 3645 1749 3704 confitentur

177 3727 508 3811 inportunitatem<
524 3729 580 3805 (sic
594 3730 697 3807 optimi
713 3729 845 3789 codices:
861 3746 939 3792 recte
982 3748 1082 3789 omnes
1096 3731 1219 3810 plurima
1234 3733 1264 3790 in
1280 3730 1367 3790 rebus
1378 3732 1511 3793 Herculis
1526 3733 1677 3792 innovasse
1688 3746 1747 3792 eta

176 3818 348 3879 Gaisfordus
371 3815 532 3883 Λυκαόνιοςε
551 3836 619 3875 nam
643 3816 704 3894 ejus
727 3829 836 3877 tractus
857 3834 939 3879 erant
982 3818 1085 3895 priscis
1105 3818 1199 3897 poetis
1223 3818 1406 3890 discessisse,
1430 3820 1654 3879 nibilominusa
1676 3822 1746 3898 qui-

175 3905 338 3985 Laranda),
359 3903 471 3985 γιγονὼς
487 3903 531 3963 tsi
555 3902 721 3986 Ἀλεξάνδρον
746 3903 874 3984 βασιλέως
893 3914 939 3967 τοῦ
981 3903 1102 3964 busdam
1117 3905 1275 3965 baberetur
1288 3907 1423 3985 Eumolpi
1437 3907 1555 3985 aequalis
1567 3920 1597 3966 et
1610 3909 1744 3981 amasios,

176 3992 307 4070 Μαμαίας
319 3990 557 4060 ποιδὸς,ἰπονιοιὸς
568 3990 614 4051 καὶ
625 3989 709 4057 αὐτός.
724 3989 860 4073 Ἔγραψεν
871 3994 939 4053 loco·
981 3990 1019 4050 ab
1035 3993 1099 4052 aliis
1119 3993 1247 4052 Hesiodo
1268 3994 1425 4070 antiquior.
1452 3995 1595 4054 Nimirum
1616 3994 1745 4056 Pseudo-

176 4078 235 4160 ρίαν
250 4078 371 4151 ποικίλην
389 4078 422 4137 δι’
434 4080 519 4155 ἐπῶν,
532 4077 565 4150 ἣν
577 4077 715 4160 insipien
726 4075 861 4160 Ἡραῖιιῶν
874 4079 937 4160 (sic)
982 4079 1121 4158 pisander
1138 4081 1170 4138 in
1188 4082 1246 4140 line
1267 4083 1375 4138 heroici
1395 4083 1448 4140 sevi
1467 4101 1529 4140 sese
1546 4082 1745 4140 constituerat.

175 4163 339 4244 θεογαμίων,
360 4165 387 4223 ἐν
405 4162 514 4244 buillon
534 4158 577 4231 ii·
593 4164 638 4225 sat
656 4164 725 4223 tiis
744 4165 937 4244 καταλογάδην.
982 4168 1054 4239 Quae
1069 4187 1114 4225 res
1135 4167 1259 4227 vicissim
1273 4168 1424 4227 confirmat
1438 4181 1468 4227 et
1487 4167 1524 4227 de
1541 4170 1650 4231 Zosimi
1662 4173 1746 4248 sipot-

175 4252 234 4311 Sed
258 4264 374 4331 poetam
396 4251 450 4309 sub
471 4251 638 4311 Alexandro
662 4255 769 4311 Severo
794 4253 937 4313 viventem
981 4262 1036 4321 οιοῖς
1053 4251 1199 4333 θεογαμίοις
1219 4256 1299 4333 loqui
1322 4254 1521 4329 Macrobium,
1541 4269 1572 4315 et
1588 4258 1747 4335 suppositi-

176 4339 313 4419 Virgilius
325 4339 433 4397 imitari
449 4358 506 4397 non
528 4352 662 4417 poteratz
685 4338 722 4400 ab
745 4340 836 4399 altera
856 4356 938 4419 parte
983 4342 1055 4400 tium
1072 4341 1159 4401 luisse
1172 4342 1231 4400 hoc
1244 4363 1327 4421 opus.
1350 4345 1416 4403 lam
1436 4362 1495 4402 non
1513 4363 1629 4406 necesse
1648 4356 1692 4402 est
1708 4343 1748 4402 de

175 4429 296 4508 ἡρωϊκῶν
320 4426 467 4505 templus
488 4426 564 4486 liber
579 4427 652 4486 adso
666 4440 751 4505 aptus
768 4441 811 4487 est
829 4429 939 4488 descri-
982 4449 1018 4487 eo
1031 4431 1173 4491 Pisandro
1190 4430 1313 4489 sollicite
1338 4450 1489 4508 querere,
1510 4452 1636 4511 quocum
1648 4435 1744 4510 Θιογιι-

175 4515 270 4594 ptioni
283 4515 492 4588 Macrobianae,
509 4516 659 4573 nimirum
676 4516 800 4574 maxime
818 4516 894 4575 soret
914 4518 936 4576 si
982 4516 1049 4593 μίων
1064 4519 1234 4597 scriptorem
1246 4519 1349 4579 Suidas
1364 4519 1538 4579 confuderit.
1556 4519 1657 4580 Codex
1668 4520 1749 4580 Pari·

176 4602 384 4682 intelligeretur
394 4604 476 4662 alius.
491 4603 541 4661 vei
555 4602 688 4661 codicum
699 4603 797 4664 suidae
807 4604 936 4662 omnium
982 4607 1062 4663 sinus
1076 4610 1099 4664 B
1120 4606 1199 4684 apud
1219 4606 1425 4677 Gaisiordnm,
1445 4607 1506 4667 dno
1526 4608 1650 4668 Parisini
1666 4607 1747 4686 apud

176 4692 319 4770 scriptura
331 4693 448 4771 ἡραῖκῶν
467 4690 597 4768 profecta
606 4690 700 4748 videri
714 4704 811 4769 potest
822 4690 859 4749 ab
870 4692 935 4770 ipso
983 4694 1139 4752 Kustsrum
1150 4691 1283 4771 praebent
1298 4695 1325 4752 ἐν
1338 4693 1448 4774 psillens
1458 4714 1517 4755 non
1535 4693 1578 4773 ii,
1589 4697 1639 4756 sed
1654 4694 1684 4768 ξ’,
1695 4700 1749 4771 60,

246 4858 327 4912 Hunc
342 4868 406 4910 vero
417 4854 507 4926 ipsum
522 4852 655 4926 populus,
669 4856 702 4909 ut
709 4857 786 4912 certo
801 4853 887 4925 scias,
981 4857 1090 4938 Mamas
1110 4856 1153 4939 ilii
1166 4871 1173 4906 :
1186 4860 1256 4921 poeta
1277 4857 1361 4922 epicos
1382 4862 1407 4909 et
1425 4858 1484 4924 ipse.
1502 4859 1603 4923 scripsit
1619 4861 1751 4913 historiam

244 4932 458 4998 collocantium
470 4947 576 4989 aeneoni
592 4946 714 5005 ponens,
981 4936 1072 5007 tanam
1090 4926 1208 5009 versibus,
1223 4942 1297 4992 quam
1319 4929 1442 4993 lnsmlpsit
1462 4932 1574 4981 Hernica
1593 4930 1751 4994 insonando

245 5011 341 5067 multis
359 5011 499 5066 mensibus
512 5015 577 5083 post
591 5014 619 5066 et
633 5011 722 5067 annis.
980 4995 1005 5076 (P
1017 5009 1049 5077 {a
1061 5000 1089 5046 ¹¹¹
1104 4997 1209 5061 ”dimo
1225 5011 1264 5082 Ψ
1291 4999 1395 5082 hemum
1417 4999 1475 5051 ¹⁰⁶⁰
1489 5015 1505 5051 ⁸
1519 5000 1620 5051 (ΜΝ
1632 5002 1749 5083 ¹¹⁰in»

204 5089 337 5151 maer,
346 5088 454 5145 Μή,
464 5093 542 5152 pm
553 5089 631 5149 filim,
644 5088 821 5151 mmm,
835 5091 878 5140 ,up
890 5090 935 5153 Ly,
978 5063 1047 5147 ibris
1060 5079 1103 5116 ser
1116 5070 1178 5127 (sive
1188 5071 1274 5133 potum
1284 5070 1419 5135 samguis)
1432 5073 1591 5124 comiantern
1607 5073 1672 5123 Item
1681 5071 1745 5137 alra,

175 5159 293 5222 emulus,
311 5159 354 5223 qui
370 5159 433 5211 risit
454 5158 600 5222 temporibus
620 5159 751 5209 Alexandri
766 5158 933 5223 impurioris,
954 5194 959 5203 -
978 5138 1086 5188 ΝΟΜ
1095 5136 1182 5187 Βοιώ·
