3790 5872
140 345 1707 492 aeaeaaeeceateaaeetataeteateeeeaaaaaeeaa

260 618 1056 871 CHOERILI
1136 611 1601 851 satttt

654 1032 1207 1164 FRAGMENTA.

822 1289 1061 1320 ...ηομ-

188 1496 283 1560 Etiatu
295 1493 325 1554 in
338 1492 394 1553 hoc
413 1501 498 1570 poeta
513 1485 732 1549 fundamentum
749 1477 916 1559 quaestionis
958 1487 1051 1548 neret,
1065 1493 1153 1553 qaam
1166 1486 1199 1532 ut
1214 1474 1300 1552 longa
1315 1473 1352 1532 da
1367 1472 1429 1531 vita
1442 1471 1557 1531 Choerili
1573 1471 1730 1549 fingeretur

149 1599 217 1648 suat
230 1584 319 1645 verba
332 1581 443 1644 saida:
455 1570 595 1658 Χοιρίλος,
610 1570 727 1649 Σίριος,
737 1566 806 1633 atala
819 1564 848 1625 ii
861 1564 917 1625 Ἰα-
959 1576 988 1622 et
999 1563 1137 1621 continua
1148 1561 1291 1631 namatio,
1308 1572 1472 1639 temporum
1484 1560 1598 1619 Choeu'li
1612 1558 1730 1617 calculis

149 1678 213 1744 σία,
226 1672 301 1732 ἄλλοι
322 1667 350 1728 il
370 1662 562 1746 Ἁλικαρνασέα
578 1664 721 1741 ἱστοροῦσι.
742 1652 868 1716 Γενέσθαι
887 1648 917 1710 δὲ
960 1670 1080 1729 prorsus
1096 1648 1249 1708 adversa.»
1267 1650 1332 1709 lara
1351 1649 1450 1726 igitur,
1464 1667 1518 1726 par
1535 1662 1648 1725 tempus
1661 1647 1730 1724 qui-

149 1759 220 1821 κατὰ
241 1755 378 1819 Πανθασιν
396 1762 449 1819 τοῖς
463 1748 580 1832 χρόνοις·
594 1747 638 1806 ἐπί
657 1744 686 1805 δὲ
703 1746 755 1804 τῶν
769 1741 918 1822 Περσικῶν,
961 1738 1036 1812 dem,
1046 1736 1161 1797 Choerili
1171 1756 1238 1795 eum
1247 1736 1395 1795 llerodoto
1404 1736 1608 1795 commercium
1618 1734 1732 1793 admitti

148 1845 313 1926 Ὀλυμπιάδι
323 1838 509 1920 σι’,νιανίσκον
518 1836 570 1910 ἤδη
581 1825 656 1896 chat.
665 1829 765 1895 Δοῦλόν
774 1853 804 1889 τι
814 1827 919 1907 Σαμίου
960 1825 1085 1906 potetit3
1096 1825 1153 1883 nisi
1162 1823 1251 1905 (quod
1263 1825 1360 1902 potius
1370 1821 1551 1901 crediderim)
1562 1822 1661 1881 fictum
1671 1842 1733 1881 esse

149 1934 219 2002 τινος
233 1931 311 1993 αὐτὸν
325 1926 460 2010 γινίσθαι,
475 1926 561 1997 τῦιιθῆ
575 1923 647 1983 ποίνυ
662 1920 710 1994 τῆν
731 1918 815 2000 ὥραν·
830 1922 919 1997 ρογιῑν
962 1915 1041 1973 dicas
1052 1931 1089 1972 ex
1102 1913 1251 1990 utriusque
1265 1913 1321 1970 viri
1336 1911 1433 1970 studio
1446 1910 1593 1969 simillimo
1613 1911 1734 1969 Graeco-

149 2015 421 2097 τιὶκΣοίμουκαλἯ
455 2002 921 2092 δότωτῷίστορικῶπαριδρείσαντα
963 2023 1028 2062 rum
1044 2018 1149 2078 magna
1163 2013 1241 2078 gesta
1262 1999 1439 2059 celebrandi.
1465 1999 1573 2070 Naeltio,
1585 1997 1735 2075 pensitatis

149 2107 237 2186 λόγων
247 2107 398 2186 ἐρασθῆναι·
410 2037 597 2165 οίῗνινοςίαίιτθν
609 2094 656 2154 καλ
667 2069 779 2153 παιδικὰ
788 2087 922 2170 γεγονίναι
964 2090 1114 2160 omnibus,
1127 2089 1242 2149 videtur
1255 2089 1394 2150 Choerilus
1408 2099 1562 2146 natusessa
1571 2084 1735 2163 olympiade

151 2192 242 2278 ρασίν.
251 2191 407 2251 Ἐπιθίσθαι
419 2185 447 2246 δὲ
457 2187 594 2265 ποιητικῇ,
603 2182 650 2242 καί
662 2182 818 2251 τελευτῆσαι
828 2179 855 2235 ἐν
865 2179 923 2237 Ma·
966 2201 1001 2252 77
1017 2181 1077 2240 fere
1086 2183 1213 2251 ineunte,
1223 2177 1266 2236 vel
1279 2197 1305 2234 a.
1315 2175 1385 2235 Chr.
1400 2186 1467 2247 472.
1482 2176 1544 2234 Hoc
1557 2173 1582 2232 si
1591 2174 1735 2244 statueris,

154 2264 923 2361 ιιιδονίιρπαρλιἈρχιλοίῳτῷτότιαίισῆςβασιλεῖ.Ἐγραψι
965 2270 995 2326 in
1007 2269 1126 2349 reliquis
1137 2267 1217 2326 nulla
1232 2263 1408 2323 difficultas:
1424 2275 1490 2321 suat
1499 2275 1596 2322 autera
1606 2262 1655 2321 illa
1671 2282 1737 2340 quae

153 2368 183 2429 δί
200 2373 298 2428 ταῦτα·
313 2362 361 2437 τῆν
381 2358 523 2434 Ἀθηναίων
541 2358 615 2429 νίκην
632 2353 703 2416 κατὰ
718 2351 825 2435 Ξέρξου·
839 2350 879 2432 ίφ’
893 2341 923 2409 ol
966 2355 1003 2414 de
1018 2356 1169 2433 Lysandro
1182 2366 1213 2413 et
1225 2353 1366 2413 Archelao
1379 2351 1538 2411 Choerilum
1557 2369 1654 2408 secum
1674 2369 1737 2409 esse

153 2455 303 2532 ποιήματος
317 2450 388 2511 κατὰ
405 2448 496 2528 στίχον
516 2449 635 2527 στατῆρα
648 2447 762 2525 χρυσοῦν
775 2438 868 2514 ἔλαθε,
879 2437 925 2499 καί
966 2442 1134 2502 volentibus
1143 2453 1307 2500 narrantur.
1318 2439 1506 2510 Plutarchus,
1517 2438 1583 2496 Vita
1594 2437 1736 2514 Lysandri

155 2543 205 2605 σὺν
217 2550 271 2609 τοῖς
283 2538 406 2621 Ὀμήρου
420 2534 644 2616 ἀναγινώσκεσθαι
658 2529 799 2614 ἐψηφίσθη.
816 2531 925 2605 Λαμια·
967 2550 992 2588 c.
1012 2530 1068 2588 18:
1083 2528 1183 2609 Σοίριιοι
1200 2525 1229 2586 di
1240 2524 1275 2586 ab
1288 2524 1351 2607 παρ’
1370 2526 1458 2593 αὐτοῖς
1470 2524 1569 2605 Ἡραῖα
1582 2524 1737 2605 Λυσάνδρια

154 2629 203 2706 κίε,
216 2629 262 2691 καὶ
278 2627 346 2687 ἄλλα
361 2625 420 2686 τινὰ
433 2622 571 2702 ποιήματα
585 2621 664 2679 αθτοῦ
675 2618 788 2702 ρίριται.
799 2616 925 2676 Samium
967 2617 1057 2675 καλεῖν
1074 2614 1244 2699 ἐψηφίσαντο·
1258 2617 1310 2673 τῶν
1322 2611 1351 2672 δὲ
1365 2614 1479 2672 πολιτῶν
1494 2609 1617 2694 Χοιρίλον
1632 2610 1680 2690 μίν
1695 2610 1736 2670 ἀεὶ

156 2716 245 2777 faisse
258 2714 416 2777 Choerilum
424 2724 506 2771 extra
516 2709 725 2768 dubitationem
734 2706 859 2785 positum
873 2715 924 2766 ast.
968 2702 1028 2784 πιρλ
1048 2703 1126 2763 αὑτὸν
1147 2693 1226 2783 εἶχεν,
1248 2704 1283 2769 ὡς
1308 2700 1478 2780 κοσμήσοντα
1499 2697 1547 2767 τὰς
1566 2698 1673 2782 πράξεις
1695 2697 1738 2759 διὰ

155 2806 226 2866 Alia
237 2803 370 2883 quaedam
388 2799 552 2859 testimonia
571 2795 684 2856 videbis
702 2796 786 2853 infra.
801 2791 928 2854 Halicar-
968 2795 1116 2864 ποιητικῆς.
1138 2793 1230 2864 Quem
1247 2791 1342 2849 locum
1358 2790 1517 2850 rectissime
1530 2790 1607 2867 cepit
1625 2788 1739 2850 Naeltius

155 2891 302 2952 nassansis
316 2888 373 2947 dici
384 2898 499 2966 poterat
513 2885 550 2944 ab
564 2883 613 2956 iis,
628 2884 680 2962 qui
694 2881 835 2942 Herodoti
849 2879 928 2938 audi·
970 2900 999 2958 p.
1017 2881 1145 2957 tii—49.
1162 2878 1312 2956 Lysander
1324 2877 1509 2956 quambrevi
1524 2889 1591 2955 post
1605 2878 1738 2957 pralium

155 2994 251 3039 torem
268 2991 297 3037 et
311 2975 427 3035 delicias
442 2971 639 3051 perhiberent.
653 2971 748 3029 Iasum
766 2967 796 3026 in
813 2980 928 3046 tempus
970 2967 1006 3025 ad
1023 2969 1108 3045 AEgos
1124 2967 1232 3033 flumen
1249 2967 1355 3024 frustra
1375 2967 1602 3045 oppugnavisset
1621 2967 1738 3026 Samum

153 3068 313 3128 mittamus.
327 3066 423 3137 Quum
433 3058 685 3141 peaPanyasidem
695 3058 758 3135 ejus
769 3069 837 3115 aetas
854 3055 925 3113 deli-
971 3055 1090 3134 (olymp.
1099 3057 1151 3134 93,
1166 3054 1205 3134 4),
1217 3067 1318 3133 postea
1332 3066 1418 3131 capta
1434 3054 1611 3114 Athenarum
1624 3053 1697 3112 urbe
1711 3066 1741 3111 et

154 3157 265 3227 niatur,
283 3150 471 3231 quaerendum
491 3160 565 3226 quot
585 3145 744 3206 saramania
761 3143 812 3203 illo
828 3140 929 3221 junior
970 3143 1062 3223 longis
1078 3143 1169 3203 muris
1186 3143 1310 3214 eversis,
1323 3142 1514 3221 expugnavit,
1534 3154 1646 3202 veteres
1662 3143 1740 3201 cives

153 3243 247 3302 luisse
260 3236 466 3300 existimandus
480 3235 516 3294 sit
529 3255 536 3292 ε
549 3254 615 3292 aam
628 3233 729 3311 junior
742 3243 812 3291 arat.
827 3231 928 3308 Olym-
971 3232 1121 3291 constituit
1134 3244 1163 3291 et
1176 3230 1456 3291 administrationem
1467 3250 1564 3289 rerum
1577 3232 1742 3309 composuit

154 3328 248 3408 piade
261 3324 470 3404 septuagesima
485 3321 586 3400 quinta
595 3320 656 3378 siva
670 3339 746 3377 auno
760 3328 817 3396 479
827 3318 852 3376 si
861 3318 930 3376 ado-
972 3319 1083 3398 (01.94,
1101 3318 1139 3398 τ).
1157 3320 1231 3378 lliuc
1243 3339 1378 3397 magnum
1390 3318 1553 3379 Samiorum
1567 3318 1741 3383 studiumia

155 3421 270 3479 lescens
280 3414 485 3492 erat,primum
497 3409 637 3471 Herodoti
648 3409 758 3468 deliciae
769 3428 829 3466 nou
841 3421 928 3487 pote-
972 3406 1170 3483 Lysandrum3
1184 3407 1235 3485 qui
1250 3408 1344 3465 civem
1356 3407 1503 3485 ipsorum,
1526 3426 1646 3485 poeseos
1664 3408 1740 3466 fama

155 3519 205 3566 rat
214 3524 277 3564 essa
287 3502 429 3568 annuatia
438 3500 513 3569 anti,
525 3497 631 3556 deinde
640 3497 677 3556 ad
686 3496 859 3557 Archelaum
870 3516 929 3555 non
972 3495 1097 3553 maxima
1111 3495 1276 3567 florentem,
1294 3515 1325 3553 se
1336 3495 1467 3554 comitari
1481 3496 1590 3568 voluit,
1610 3515 1661 3574 spe
1683 3496 1741 3554 du-

154 3592 260 3653 venire
276 3601 344 3650 anta
358 3606 467 3647 annum
484 3585 576 3644 aetatis
588 3583 831 3662 septuagesimam
846 3597 931 3642 oeta·
972 3594 1036 3641 etus
1050 3582 1110 3641 sora
1125 3595 1156 3641 ut
1165 3582 1256 3660 ipsius
1265 3602 1383 3661 qnoque
1393 3581 1544 3660 splendide
1556 3581 1631 3640 sacta
1640 3584 1743 3641 earmi-

153 3699 247 3752 vura3
259 3697 326 3737 cum
340 3674 491 3754 Lysandro
507 3686 604 3731 autam
621 3670 747 3731 debebat
763 3691 826 3730 esse
840 3691 931 3731 senex
972 3669 1059 3728 nibus
1072 3669 1240 3729 celebraret.
1253 3669 1347 3729 Verba
1360 3671 1413 3727 τῶν
1423 3664 1451 3727 δὲ
1463 3670 1577 3728 πολιτῶν
1587 3681 1665 3727 arcte
1676 3688 1742 3728 cum

155 3768 223 3829 iere
236 3763 456 3843 nonagenarius,
474 3760 563 3839 idque
576 3756 729 3837 κοσμήσων,
746 3770 778 3817 ut
794 3758 931 3839 sperabat
972 3756 1338 3835 superioribusjuuganda3
1348 3756 1741 3836 etomaiabenaprocadant:

157 3851 323 3931 Lysander,
336 3848 383 3916 alte
402 3846 508 3931 πράξαις
523 3849 603 3906 aiecii
620 3843 663 3905 διὰ
674 3848 820 3918 ποιητικῆς.
836 3848 932 3905 «ilinc
972 3843 1068 3904 τῶνδί
1088 3847 1204 3916 ποιητῶν
1221 3846 1245 3904 si
1265 3845 1410 3924 praeferas,
1424 3845 1571 3904 malehaee
1579 3844 1680 3922 juncta
1694 3866 1742 3905 re-

157 3941 294 4019 acquitur
306 3937 412 4016 (inquit
423 3936 538 3997 Naeltius
545 3956 574 4013 p.
586 3934 636 4014 aa)
648 3947 678 3993 ut
691 3935 794 3994 salsam
802 3934 840 3993 sit
851 3935 932 4013 qaod
973 3934 1079 4012 peries.
1090 3935 1135 3993 Ex
1144 3933 1282 3993 Parisinis
1289 3933 1440 3993 codicibus
1451 3945 1590 4012 quattuor
1598 3934 1655 3991 hoc
1665 3934 1744 3993 etthi·

159 4029 237 4089 dixit
248 4026 361 4099 Suidas,
376 4024 531 4085 Charilam
542 4021 604 4101 jam
620 4021 831 4082 adolescentem
845 4021 932 4083 luisse
974 4021 1053 4095 beat,
1067 4022 1104 4082 ab
1117 4023 1154 4082 iis
1167 4023 1281 4082 illatum
1294 4023 1347 4101 qui
1357 4036 1452 4100 poetoe
1462 4041 1549 4100 quam
1561 4029 1623 4080 civis
1636 4042 1741 4082 nomen

157 4112 335 4192 Olympiade
344 4112 391 4184 75.
400 4111 522 4170 Causam
531 4111 640 4169 erroris
649 4110 932 4188 priiaasaamoaune
974 4110 1043 4169 huie
1056 4110 1121 4169 loco
1133 4111 1229 4189 aptius
1238 4130 1300 4169 esse
1309 4110 1469 4169 crederent.
1479 4110 1600 4169 Πολιτῶν
1614 4111 1742 4169 servarit

158 4201 306 4279 dispiciat.
317 4200 418 4258 Potest
433 4199 465 4258 ia
480 4199 609 4258 carmine
622 4199 737 4260 chariti
752 4198 840 4259 luisse
854 4199 932 4258 unda
974 4199 1066 4258 codex
1084 4200 1155 4272 1671
1179 4197 1411 4276 (Wyttenbaehio
1427 4202 1487 4272 A).·
1500 4217 1585 4276 quem
1596 4198 1651 4257 alia
1668 4217 1743 4276 quo-

159 4288 348 4364 colligeretar
361 4299 478 4365 poetam
499 4298 573 4362 tum,
587 4306 678 4364 quum
693 4287 835 4345 Graeciam
848 4285 933 4344 inva·
974 4306 1030 4366 qua
1041 4287 1149 4346 siacera
1163 4287 1267 4345 offerre
1283 4286 1410 4358 memini,
1420 4286 1449 4344 in
1459 4288 1550 4345 altero
1562 4285 1659 4345 codice
1668 4287 1744 4365 opti-

160 4375 249 4434 daret
270 4374 393 4446 Xerxes,
407 4373 576 4433 adolevisse.
598 4372 877 4452 Quomodocumque
896 4373 934 4433 de
974 4394 1022 4433 mo
1048 4375 1121 4446 1672
1152 4372 1255 4452 (wyte
1283 4375 1323 4448 E)
1347 4375 1445 4434 eadem
1467 4377 1575 4453 scripta
1597 4375 1743 4434 Plutarchi

159 4460 272 4521 caussis
279 4462 386 4520 erroris
395 4473 563 4534 statuamus,
575 4462 686 4520 facilius
695 4461 827 4520 accidere
837 4462 933 4540 potuit
974 4462 1179 4541 complectente
1188 4464 1247 4540 jam
1263 4463 1371 4523 vitiata.
1380 4465 1450 4523 Post
1461 4463 1537 4523 Sami
1552 4463 1743 4541 expugnatio-

56 4617 60 4623 ·
160 4563 195 4610 ut
212 4548 532 4607 aunumadolescentiae
545 4548 662 4608 Choerili
676 4549 780 4627 aliquis
792 4550 864 4608 falso
882 4570 934 4628 po-
975 4570 1040 4609 nem
1057 4551 1107 4618 itti,
1117 4571 1190 4628 ‹yuos
1198 4552 1368 4612 Plutarchus
1381 4565 1487 4624 narrta,
1496 4553 1620 4611 honoras
1633 4553 1744 4630 Lysan-

192 4711 326 4772 cltoerilua,
338 4710 435 4761 samius
448 4724 455 4760 :
469 4723 543 4775 quern
554 4711 666 4762 nonnulli
676 4714 807 4773 Ιοιοοιοιο,
821 4711 863 4762 alii
872 4725 931 4763 vero
974 4714 1042 4764 eunt.
1059 4712 1175 4764 Animum
1186 4718 1267 4764 auum
1279 4715 1309 4764 ad
1321 4716 1440 4778 matram
1451 4715 1586 4779 appulisse,
1594 4718 1619 4766 et
1629 4716 1656 4765 tn
1664 4717 1743 4769 Mace·

159 4781 403 4835 udicarnmsenaem
421 4781 499 4832 tuisse
510 4781 624 4844 ananan
636 4782 756 4847 mudena
774 4782 931 4845 Panyastdta,
973 4782 1147 4834 doaiaobiissa
1162 4784 1226 4848 apud
1238 4786 1397 4847 Archelaum,
1411 4789 1471 4836 tane
1487 4785 1552 4836 illius
1568 4786 1640 4837 terrae
1650 4799 1741 4850 regem.

159 4856 188 4903 et
197 4850 376 4901 οοολοιοοοίσω
384 4853 435 4915 iam
446 4851 504 4902 belli
515 4852 605 4903 Persici
614 4852 779 4917 tetaportbus,
795 4852 934 4916 olympiade
974 4855 1078 4918 scripsit
1094 4868 1153 4906 rere
1167 4855 1238 4905 bec:
1251 4855 1384 4906 Victoriam
1398 4855 1581 4906 Atheniensium
1596 4855 1628 4907 de
1642 4858 1722 4908 xerxe
1734 4869 1742 4905 ι

160 4920 343 4985 aepmaaatna
355 4921 450 4985 qntnta.
469 4922 537 4973 Idem
551 4936 636 4975 terrm
650 4923 726 4973 tabae
738 4923 844 4974 traditur
858 4923 933 4974 samii
974 4938 1020 4988 pro
1029 4928 1101 4990 cuins
1111 4924 1231 4990 poematis
1240 4925 1343 4990 tingatis
1353 4925 1464 4976 versibus
1473 4938 1574 4976 anuum
1583 4929 1697 4976 stateram
1706 4938 1743 4976 ιο

159 4989 303 5053 enjusdam,
316 4991 394 5041 torma
404 4991 568 5055 pulcherrima
578 4993 695 5057 praeditus
709 5008 715 5042 :
732 4996 758 5044 et
769 4996 842 5044 samo
849 4993 934 5057 prata·
974 4994 1052 5058 oeptt3
1062 4998 1087 5046 et
1098 4995 1224 5047 decretam
1235 4995 1297 5052 tuit,
1310 4999 1339 5045 ut
1348 5008 1435 5059 poema
1443 4995 1503 5046 tllnd
1513 5008 1572 5046 cum
1582 4996 1683 5047 Homeri
1691 5008 1742 5046 aar·

158 5072 228 5125 gas,
241 5073 319 5124 qaum
334 5060 458 5112 Haadoto
475 5062 590 5114 htstortoo
601 5077 702 5128 operam
713 5063 795 5122 daret,
809 5064 932 5116 literarum
974 5065 1085 5117 minibus
1096 5065 1246 5116 muitarctar.
1258 5065 1386 5127 Laminas,
1401 5069 1426 5117 et
1437 5066 1484 5117 alta
1494 5066 1608 5132 quadam
1623 5067 1676 5130 ejus
1686 5078 1742 5132 poe·

159 5141 249 5181 amore
263 5132 349 5194 captus
364 5143 419 5182 este
431 5145 438 5180 t
449 5133 567 5184 Herodoti
582 5134 656 5186 etiam
672 5135 794 5186 ammam
809 5134 933 5186 subsedi·
974 5138 1041 5185 mala
1051 5134 1171 5209 [arantur.

1629 5224 1663 5264 ³³.
